1667 2524
157 101 209 143 74
600 104 639 136 L.
676 104 869 136 ANNAEI
903 101 1129 136 sENECAE

155 225 346 275 plerique
389 223 614 263 ordinariis
657 222 832 272 paribus
875 226 917 261 et
961 220 1245 271 postulaticiis
1288 220 1548 270 praeferunt.

156 291 314 340 Quidni
333 290 578 340 praeferant
592 290 609 327 Τ
643 288 739 327 Non
758 288 890 338 galea,
907 300 992 326 non
1007 293 1128 326 scuto
1143 286 1360 336 repellitur
1377 286 1548 325 ferrum.

156 357 250 405 Quo
272 356 573 395 munimenta?
620 354 713 402 Quo
737 355 880 393 artes?
927 353 1081 392 Omnia
1114 353 1196 392 ista
1228 352 1377 391 mortis
1409 364 1551 391 morae

156 428 269 463 sunt.
330 422 456 462 Mane
491 421 684 461 leonibus
717 425 759 460 et
794 420 902 459 ursis
936 419 1142 467 homines,
1178 419 1352 458 meridie
1387 423 1551 468 specta-

157 489 321 529 toribus
338 489 425 529 suis
447 487 705 527 obiciuntur.
768 487 1070 526 Interfectores
1093 485 1380 525 interfecturis
1402 484 1550 525 iubent

156 556 265 595 obici
291 560 335 596 et
362 555 569 594 victorem
597 554 639 593 in
667 553 793 592 aliam
821 553 1016 592 detinent
1045 552 1238 591 caedem:
1282 550 1423 590 exitus
1449 563 1553 601 pug-

112 634 125 648 *
157 623 354 662 nantium
374 634 488 660 mors
506 624 583 660 est.
647 620 774 659 Ferro
794 624 836 660 et
856 619 950 669 igne
971 631 1034 658 res
1053 619 1226 670 geritur.
1290 617 1406 656 Haec
1426 617 1549 664 fiunt,

155 690 258 729 dum
277 692 405 727 vacat
428 687 599 727 harena.
663 686 765 726 ‘Sed
790 685 1063 725 latrocinium
1086 685 1187 724 fecit
1206 684 1372 735 aliquis,
1397 683 1552 723 occidit

156 755 402 794 hominem.'
463 754 574 802 Quid
605 754 734 803 ergo?
780 751 889 800 Quia
920 751 1076 791 occidit
1105 751 1186 799 ille,
1210 751 1365 790 meruit
1395 755 1443 789 ut
1474 749 1552 789 hoc

156 826 397 872 pateretur:
425 826 473 860 tu
488 820 590 871 quid
606 820 798 859 meruisti
814 820 952 867 miser,
965 824 1013 859 ut
1032 818 1111 858 hoc
1126 820 1321 869 spectes?
1361 817 1551 865 ‘Occide,

156 887 347 935 verbera,
387 889 484 926 ure!
544 886 684 935 Quare
729 891 819 926 tam
864 886 1013 926 timide
1057 885 1234 924 incurrit
1278 885 1321 923 in
1364 884 1554 924 ferrum?

156 953 296 1002 Quare
334 966 487 1004 parum
522 953 728 992 audacter
763 953 950 992 occidit?
1005 951 1144 1000 Quare
1186 964 1339 1001 parum
1376 950 1556 990 libenter

156 1020 387 1059 moritur?'
417 1019 558 1069 Plagis
584 1020 726 1069 agitur
753 1019 796 1058 in
822 1019 1020 1058 vulnera:
1065 1019 1261 1057 ‘mutuos
1289 1018 1399 1057 ictus
1428 1017 1552 1056 nudis

156 1091 199 1126 et
239 1086 377 1125 obviis
416 1085 662 1136 pectoribus
701 1086 949 1136 excipiant.’
1012 1086 1310 1125 Intermissum
1342 1089 1406 1125 est
1437 1098 1553 1135 spec-

157 1152 371 1192 taculum:
416 1152 608 1191 ‘interim
639 1151 886 1202 iugulentur
915 1151 1121 1200 homines,
1154 1165 1204 1191 ne
1236 1151 1338 1190 nihil
1370 1151 1551 1202 agatur.'

157 1218 260 1269 Age,
299 1231 351 1258 ne
388 1217 468 1257 hoc
506 1218 679 1269 quidem
718 1218 978 1268 intellegitis,
1018 1218 1131 1257 mala
1169 1217 1365 1268 exempla
1403 1218 1446 1256 in
1483 1230 1554 1257 eos

156 1284 409 1333 redundare,
437 1283 509 1336 qui
536 1284 733 1323 faciunt?
791 1283 917 1335 Agite
946 1284 1011 1324 dis
1037 1284 1352 1324 immortalibus
1381 1284 1554 1334 gratias,

158 1351 272 1402 quod
300 1363 399 1390 eum
426 1350 589 1390 docetis
616 1364 705 1391 esse
736 1351 963 1399 crudelem,
993 1351 1065 1402 qui
1094 1365 1179 1390 non
1208 1355 1351 1401 potest
1378 1351 1550 1390 discere.

158 1416 470 1457 Subducendus
504 1417 663 1467 populo
697 1421 762 1457 est
798 1422 918 1457 tener
952 1418 1120 1457 animus
1155 1421 1198 1457 et
1233 1430 1385 1468 parum
1421 1421 1553 1457 tenax

158 1483 282 1523 recti:
333 1482 456 1523 facile
492 1483 702 1523 transitur
737 1484 790 1523 ad
827 1483 981 1534 plures.
1043 1484 1207 1524 Socrati
1244 1488 1286 1523 et
1322 1483 1475 1523 Catoni
1510 1486 1554 1523 et

159 1549 301 1589 Laelio
326 1553 525 1589 excutere
551 1563 712 1589 morem
739 1563 864 1589 suum
890 1550 1106 1590 dissimilis
1132 1550 1367 1589 multitudo
1392 1549 1555 1600 potuis-

159 1620 244 1655 set:
285 1615 392 1655 adeo
419 1628 543 1655 nemo
571 1620 780 1664 nostrum,
811 1616 883 1667 qui
912 1629 1008 1655 cum
1035 1616 1222 1656 maxime
1251 1616 1557 1656 concinnamus

159 1682 390 1732 ingenium,
420 1683 528 1722 ferre
558 1683 769 1734 impetum
802 1684 1006 1723 vitiorum
1038 1688 1128 1723 tam
1158 1697 1314 1734 magno
1346 1683 1557 1723 comitatu

159 1749 424 1788 venientium
456 1753 613 1799 potest..
677 1750 822 1789 Unum
854 1750 1098 1800 exemplum
1131 1750 1324 1790 luxuriae
1349 1754 1425 1789 aut
1456 1762 1558 1788 ava-

159 1815 281 1854 ritiae
312 1814 498 1854 multum
530 1815 631 1854 mali
663 1817 789 1856 facit:
839 1817 1060 1856 convictor
1097 1816 1306 1856 delicatus
1344 1815 1557 1867 paulatim

157 1886 336 1921 enervat
381 1886 424 1921 et
469 1882 646 1930 emollit,
683 1882 848 1922 vicinus
895 1883 1015 1923 dives
1062 1883 1344 1933 cupiditatem
1390 1883 1557 1929 inritat,

159 1947 370 1998 malignus
404 1961 544 1988 comes
578 1950 777 2000 quamvis
812 1950 994 1989 candido
1027 1953 1070 1989 et
1103 1949 1283 1999 simplici
1318 1948 1557 1999 rubiginem

159 2027 280 2053 suam
311 2014 535 2054 adfricuit:
582 2016 684 2066 quid
717 2020 765 2055 tu
796 2016 986 2055 accidere
1017 2015 1081 2055 his
1111 2015 1302 2055 moribus
1333 2015 1480 2063 credis,
1513 2015 1557 2053 in

159 2093 265 2130 quos
287 2080 455 2130 publice
479 2081 621 2121 factus
646 2086 710 2121 est
735 2081 952 2132 impetus?
992 2081 1172 2121 Necesse
1194 2086 1258 2121 est
1280 2086 1356 2121 aut
1379 2080 1557 2120 imiteris

160 2151 234 2185 aut
282 2147 432 2186 oderis.
495 2146 739 2198 Utrumque
786 2152 932 2187 autem
978 2148 1263 2187 devitandum
1310 2151 1396 2186 est:
1450 2159 1557 2187 neve

159 2212 306 2251 similis
336 2213 458 2252 malis
487 2213 576 2261 flas,
607 2214 707 2264 quia
736 2214 859 2253 multi
889 2218 1004 2261 sunt,
1034 2227 1140 2253 neve
1169 2213 1365 2252 inimicus
1393 2213 1554 2261 multis,

160 2279 260 2330 quia
280 2278 505 2318 dissimiles
524 2284 638 2319 sunt.
700 2279 868 2321 Recede
887 2280 930 2318 in
950 2285 992 2319 te
1011 2280 1166 2333 ipsum,
1186 2283 1399 2330 quantum
1419 2283 1554 2329 potes.
