1667 2524
121 518 137 547 1

119 1051 137 1079 [ὗ

167 116 220 157 92
602 119 642 151 L.
677 118 871 151 ANNAEI
907 119 1133 154 SENECAE

648 284 929 325 EPISTULA
963 285 1133 324 LXXX

475 394 656 435 SENECA
693 394 882 435 anmo
918 407 1003 435 suo
1041 407 1249 435 SALUTEM

220 504 440 545 Hodierno
477 505 545 545 die
584 518 669 544 non
707 509 881 545 tantum
921 518 1014 545 meo
1052 505 1257 545 beneficio
1297 504 1399 545 mihi
1437 518 1559 554 vaco,

164 571 236 611 sed
266 571 513 621 spectaculi,
543 571 657 622 quod
689 584 835 612 omnes
865 571 1066 612 molestos
1095 572 1148 611 ad
1178 570 1560 622 sphaeromachian

165 637 378 677 avocavit.
440 638 576 678 Nemo
620 637 852 688 inrumpet,
898 650 1023 678 nemo
1068 637 1374 687 cogitationem
1420 649 1559 677 meam

163 703 383 754 impediet,
413 716 522 755 quae
551 703 629 744 hac
658 703 751 754 ipsa
778 703 935 744 fiducia
963 703 1155 754 procedit
1185 703 1402 744 audacius.
1463 703 1560 743 Non

164 770 355 820 crepabit
387 770 568 814 subinde
599 770 772 819 ostium,
799 783 884 809 non
911 770 1187 810 adlevabitur
1211 770 1376 810 velum:
1416 769 1559 810 licebit

164 840 262 876 tuto
290 837 460 886 vadere,
489 837 603 888 quod
634 837 767 887 magis
795 836 1079 877 necessarium
1106 841 1170 877 est
1199 849 1274 887 per
1300 849 1343 877 se
1369 836 1489 877 eunti
1516 839 1560 876 et

164 915 286 943 suam
316 903 511 954 sequenti
542 903 670 943 viam.
733 904 829 943 Non
858 916 957 953 ergo
986 916 1141 954 sequor
1169 902 1359 953 priores?
1416 902 1559 951 Facio,

164 970 236 1009 sed
264 970 470 1020 permitto
498 969 600 1009 mihi
627 974 669 1010 et
697 970 887 1010 invenire
915 969 1075 1020 aliquid
1103 974 1145 1010 et
1175 974 1342 1010 mutare
1368 973 1411 1010 et
1439 968 1561 1009 relin-

165 1048 305 1086 quere.
367 1036 464 1076 Non
494 1036 633 1076 servio
663 1036 756 1085 illis,
786 1037 857 1076 sed
890 1035 1118 1076 adsentior.
1181 1036 1385 1086 Magnum
1413 1039 1560 1076 tamen

164 1103 344 1142 verbum
383 1103 487 1151 dixi,
528 1103 599 1154 qui
642 1102 745 1141 mihi
785 1102 1001 1143 silentium
1042 1102 1350 1153 promittebam
1389 1106 1431 1142 et
1471 1101 1561 1142 sine

164 1169 482 1219 interpellatore
522 1173 754 1209 secretum:
809 1182 904 1209 ecce
943 1169 1091 1219 ingens
1131 1169 1292 1208 clamor
1328 1182 1381 1209 ex
1419 1168 1561 1209 stadio

164 1235 377 1286 perfertur
402 1240 445 1276 et
475 1249 540 1276 me
568 1249 653 1275 non
681 1235 845 1276 excutit
876 1234 992 1284 mihi,
1021 1235 1093 1275 sed
1121 1235 1165 1274 in
1193 1234 1318 1275 huius
1344 1235 1476 1286 ipsius
1504 1234 1561 1275 rei

164 1301 485 1342 contentionem
534 1301 751 1342 transfert.
822 1301 973 1352 Cogito
1023 1314 1205 1349 mecum,
1255 1314 1387 1352 quam
1436 1301 1560 1341 multi

165 1381 342 1418 corpora
386 1372 627 1416 exerceant,
673 1368 842 1418 ingenia
887 1382 1018 1420 quam
1064 1369 1189 1420 pauci
1202 1383 1211 1419 ;
1272 1373 1462 1421 quantus
1507 1369 1560 1410 ad

163 1434 457 1484 spectaculum
481 1448 566 1473 non
589 1434 711 1475 fidele
733 1439 776 1475 et
800 1435 1005 1474 lusorium
1029 1435 1105 1475 fiat
1129 1449 1373 1485 concursus,
1397 1440 1562 1487 quanta

163 1501 217 1540 sit
240 1500 350 1540 circa
372 1505 484 1540 artes
509 1501 644 1540 bonas
669 1501 878 1549 solitudo;
910 1514 1042 1552 quam
1068 1502 1267 1543 imbecilli
1293 1502 1436 1542 animo
1461 1502 1561 1551 sint,

164 1579 347 1617 quorum
397 1567 578 1607 lacertos
627 1580 881 1619 umerosque
935 1567 1151 1608 miramur.
1213 1569 1324 1609 Illud
1376 1568 1562 1609 maxime

165 1633 338 1673 revolvo
365 1646 553 1673 mecum:
595 1633 628 1673 si
656 1646 808 1684 corpus
835 1634 1010 1684 perduci
1037 1634 1343 1675 exercitatione
1371 1635 1424 1675 ad
1452 1634 1561 1676 hanc

164 1699 420 1749 patientiam
455 1704 612 1750 potest,
648 1713 734 1751 qua
767 1704 810 1740 et
846 1713 1012 1751 pugnos
1047 1701 1208 1751 pariter
1237 1706 1279 1741 et
1311 1701 1446 1742 calces
1476 1714 1562 1741 non

163 1765 289 1805 unius
328 1765 511 1805 hominis
550 1766 674 1815 ferat,
715 1779 801 1818 qua
839 1767 971 1807 solem
1012 1767 1361 1808 ardentissimum
1400 1767 1444 1806 in
1482 1767 1563 1808 fer-

164 1832 415 1872 ventissimo
464 1832 638 1883 pulvere
685 1833 900 1874 sustinens
947 1833 1100 1885 aliquis
1145 1838 1187 1874 et
1234 1833 1440 1884 sanguine
1485 1846 1563 1873 suo

165 1899 342 1938 madens
376 1898 489 1939 diem
520 1899 674 1939 ducat:
732 1904 897 1951 quanto
939 1899 1107 1940 facilius
1149 1899 1317 1940 animus
1358 1899 1563 1940 conrobo-

165 1964 246 2004 rari
281 1965 429 2015 possit,
465 1969 513 2005 ut
549 1965 748 2006 fortunae
782 1966 894 2006 ictus
928 1965 1115 2006 invictus
1148 1966 1350 2017 excipiat,
1384 1969 1433 2005 ut
1468 1978 1564 2017 pro-

164 2031 313 2079 iectus,
358 2036 407 2071 ut
453 2032 729 2072 conculcatus
773 2036 989 2083 exsurgat.
1050 2032 1214 2083 Corpus
1257 2031 1371 2072 enim
1417 2031 1563 2072 multis

164 2101 258 2146 eget
289 2098 427 2146 rebus,
456 2102 504 2138 ut
534 2098 698 2138 valeat:
743 2098 911 2138 animus
938 2112 991 2139 ex
1019 2112 1062 2139 se
1091 2098 1254 2147 crescit,
1283 2111 1326 2138 se
1354 2098 1443 2149 ipse
1471 2098 1562 2146 alit,

164 2177 207 2203 se
246 2168 428 2204 exercet.
490 2164 578 2204 Illis
619 2164 756 2204 multo
796 2165 905 2213 cibo,
947 2164 1084 2205 multa
1123 2164 1298 2215 potione
1338 2177 1444 2215 opus
1482 2168 1562 2213 est,

166 2230 302 2269 multo
337 2231 442 2278 oleo,
478 2231 604 2281 longa
637 2231 823 2282 denique
858 2244 1007 2282 opera:
1054 2231 1134 2271 tibi
1170 2230 1390 2281 continget
1425 2230 1563 2271 virtus

165 2296 253 2336 sine
285 2301 512 2347 apparatu,
543 2297 632 2338 sine
663 2297 869 2348 impensa.
931 2297 1143 2348 Quicquid
1176 2297 1314 2337 facere
1345 2301 1388 2337 te
1419 2301 1562 2347 potest
