1667 2524
92 1130 110 1158 [ὁ

143 128 197 169 60
581 133 621 166 L.
657 131 850 165 ANNAEI
885 131 1110 165 SENECAE

143 251 231 290 lum
245 252 263 289 ἱ)
295 250 399 299 Quis
417 250 471 290 ab
486 250 564 290 hoc
584 264 683 298 non,
699 250 731 289 si
748 250 897 300 possit,
916 251 1136 290 fortunam
1155 264 1326 302 quoque
1344 256 1538 292 avertere

143 317 260 365 velit,
290 317 368 356 sub
398 330 482 368 quo
512 317 691 365 iustitia,
721 329 820 367 an‚
850 317 1072 367 pudicitia,
1101 318 1321 366 securitas,
1350 318 1538 368 dignitas

142 384 308 431 florent,
334 383 414 423 sub
440 397 524 434 quo
550 383 755 433 opulenta
782 383 933 423 civitas
960 384 1081 434 copia
1106 384 1317 423 bonorum
1343 385 1537 424 omnium

142 451 368 490 abundat?
430 450 516 489 Nec
534 449 616 489 alio
634 450 777 489 animo
795 455 1002 490 rectorem
1020 464 1146 490 suum
1164 451 1370 499 intuetur,
1390 464 1535 502 quam,

142 518 175 557 si
197 518 239 557 di
263 517 524 556 immortales
547 522 810 567 potestatem
828 518 992 557 visendi
1010 518 1073 557 sui
1096 518 1273 567 faciant,
1291 518 1538 558 intueamur

143 589 396 623 venerantes
437 583 721 635 colentesque.
783 584 895 633 Quid
928 586 1106 624 autem?
1163 585 1259 624 Non
1290 585 1536 635 proximum

141 651 220 690 illis
246 651 385 690 locum
412 654 530 690 tenet
556 651 603 699 is,
631 651 703 701 qui
729 664 772 690 se
797 664 850 690 ex
874 651 1053 690 deorum
1079 655 1235 691 natura
1260 652 1382 702 gerit,
1409 651 1536 692 bene-

142 718 245 758 ficus
272 732 319 757 ac
348 718 488 768 largus
513 722 556 758 et
584 718 627 756 in
654 718 803 757 melius
830 720 1014 768 potens?
1075 718 1168 758 Hoc
1195 719 1427 767 adfectare,
1454 718 1535 758 hoc

141 786 299 824 imitari
338 785 474 833 decet,
514 785 753 824 maximum
792 784 854 824 ita
893 784 1054 833 haberi,
1093 789 1142 825 ut
1181 786 1372 836 optimus
1410 785 1535 825 simul

141 851 336 892 habeare.

197 918 297 957 XX.
340 919 375 957 A
404 918 573 958 duabus
603 919 740 958 causis
769 918 919 969 punire
948 919 1145 970 princeps
1174 919 1295 967 solet,
1325 919 1358 958 si
1389 922 1465 958 aut
1494 932 1537 958 se

141 986 332 1025 vindicat
368 990 443 1025 aut
479 986 623 1025 alium.
686 986 807 1025 Prius
841 986 894 1025 de
928 999 978 1025 ea
1013 991 1135 1036 parte
1169 986 1390 1033 disseram,
1426 998 1537 1036 quae

141 1053 280 1102 ipsum
309 1053 538 1102 contingit;
580 1052 793 1092 difficilius
818 1056 882 1092 est
908 1053 1021 1092 enim
1048 1052 1274 1100 moderari,
1302 1052 1374 1091 ubi
1401 1052 1535 1092 dolori

140 1118 322 1158 debetur
346 1119 466 1167 ultio,
493 1132 623 1170 quam
649 1119 721 1158 ubi
746 1118 956 1169 exemplo.
1017 1119 1342 1169 Supervacuum
1367 1123 1431 1158 est
1456 1118 1536 1158 hoc

141 1184 231 1224 loco
265 1185 508 1233 admonere,
543 1199 594 1225 ne
627 1185 750 1225 facile
785 1186 944 1233 credat,
979 1190 1027 1225 ut
1062 1198 1210 1225 verum
1244 1185 1452 1233 excutiat,
1487 1189 1536 1224 ut

140 1252 409 1291 innocentiae
450 1253 596 1291 faveat
636 1256 693 1299 et,
735 1256 784 1291 ut
825 1256 1047 1302 appareat,
1089 1265 1174 1291 non
1220 1252 1429 1291 minorem
1469 1251 1534 1301 agi

141 1332 228 1358 rem
258 1318 540 1369 periclitantis
570 1331 701 1369 quam
731 1318 881 1358 iudicis
910 1318 1037 1366 sciat;
1083 1317 1162 1357 hoc
1191 1319 1304 1357 enim
1334 1318 1387 1358 ad
1418 1318 1538 1357 iusti-

141 1386 261 1433 tiam,
287 1399 371 1424 non
395 1385 448 1425 ad
475 1385 745 1424 clementiam
770 1385 977 1435 pertinet&
1017 1398 1130 1424 nunc
1154 1384 1273 1424 illum
1298 1384 1536 1433 hortamur,

140 1456 188 1491 ut
236 1452 461 1491 manifeste
509 1451 646 1491 laesus
693 1452 885 1490 animum
933 1451 976 1490 in
1023 1456 1241 1501 potestate
1288 1450 1447 1490 habeat
1494 1455 1537 1490 et

139 1531 338 1568 poenam,
364 1518 397 1557 si
424 1522 520 1557 tuto
546 1518 719 1568 poterit,
745 1518 891 1565 donet,
918 1517 951 1556 si
977 1518 1132 1565 minus,
1159 1522 1370 1568 temperet
1395 1517 1537 1567 longe-

140 1597 222 1635 que
247 1585 301 1624 sit
327 1585 369 1623 in
394 1584 480 1623 suis
505 1597 635 1635 quam
662 1584 704 1622 in
730 1584 876 1623 alienis
902 1584 1065 1623 iniuriis
1090 1584 1359 1623 exorabilior.
1422 1584 1535 1623 Nam

140 1651 505 1702 quemadmodum
525 1664 608 1689 non
626 1655 690 1690 est
708 1651 850 1701 magni
869 1650 1014 1698 animi,
1033 1651 1105 1701 qui
1123 1651 1175 1690 de
1193 1650 1330 1689 alieno
1350 1649 1536 1690 liberalis

140 1723 218 1766 est,
245 1718 317 1757 sed
344 1718 425 1766 ille,
453 1718 539 1769 qui,
567 1718 681 1768 quod
709 1717 830 1757 alteri
856 1717 1006 1765 donat,
1033 1717 1112 1756 sibi
1138 1717 1343 1765 detrahit,
1370 1717 1431 1756 ita
1458 1716 1537 1756 cle-

141 1789 328 1824 mentem
349 1784 512 1823 vocabo
532 1798 617 1823 non
637 1784 678 1823 in
698 1784 835 1823 alieno
853 1784 998 1824 dolore
1016 1783 1200 1832 facilem,
1220 1784 1292 1824 sed
1313 1796 1426 1831 eum,
1447 1783 1535 1834 qui,

142 1864 236 1890 cum
270 1851 355 1890 suis
387 1850 570 1890 stimulis
602 1851 858 1901 exagitetur,
891 1864 976 1890 non
1009 1851 1189 1901 prosilit,
1222 1851 1295 1902 qui
1327 1849 1537 1900 intellegit

141 1918 282 1967 magni
319 1918 449 1956 animi
485 1931 574 1957 esse
609 1918 783 1957 iniurias
818 1918 861 1956 in
896 1930 1065 1956 summa
1100 1918 1297 1968 potentia
1332 1917 1423 1967 pati
1460 1929 1537 1956 nec

141 1984 372 2035 quicquam
403 1998 492 2023 esse
523 1984 745 2034 gloriosius
776 1984 967 2034 principe
998 1984 1172 2034 impune
1204 1984 1330 2023 laeso.

198 2049 321 2089 XXI.
366 2051 482 2090 Ultio
521 2051 629 2090 duas
669 2055 886 2101 praestare
926 2064 990 2090 res
1030 2050 1157 2090 solet:
1213 2055 1289 2090 aut
1330 2049 1536 2090 solacium

141 2117 281 2157 adfert
307 2118 358 2165 ei,
387 2118 459 2168 qui
487 2117 652 2168 accepit
679 2117 892 2165 iniuriam,
921 2121 997 2156 aut
1025 2117 1066 2155 in
1095 2117 1305 2168 reliquum
1333 2116 1536 2156 securita-

141 2188 242 2223 tem.
304 2184 510 2234 Principis
533 2184 669 2223 maior
690 2188 754 2223 est
777 2184 965 2231 fortuna,
991 2196 1121 2234 quam
1145 2188 1194 2223 ut
1217 2183 1373 2223 solacio
1397 2187 1535 2233 egeat,

141 2250 491 2300 manifestimwlue
541 2250 617 2297 vis,
667 2263 797 2300 quam
845 2254 894 2289 ut
943 2249 1080 2289 alieno
1128 2249 1241 2288 malo
1290 2250 1535 2300 opinionem

140 2316 218 2356 sibi
267 2316 420 2355 virium
468 2320 661 2367 quaerat.
724 2316 816 2355 Hoc
862 2315 971 2363 dico,
1021 2329 1117 2355 cum
1164 2315 1219 2355 ab
1265 2315 1536 2356 inferioribus
