<?xml version="1.0" encoding="UTF-8"?>
<!DOCTYPE html PUBLIC "-//W3C//DTD XHTML 1.0 Transitional//EN"
    "http://www.w3.org/TR/xhtml1/DTD/xhtml1-transitional.dtd">
<html xmlns="http://www.w3.org/1999/xhtml" xml:lang="en" lang="en">
 <head>
  <title>
</title>
<meta http-equiv="Content-Type" content="text/html;charset=utf-8" />
  <meta name='ocr-system' content='tesseract 3.04.00' />
  <meta name='ocr-capabilities' content='ocr_page ocr_carea ocr_par ocr_line ocrx_word'/>
</head>
<body>
  <div class='ocr_page' id='page_1' title='image "./selectedessayssa00seneuoft_0064.png"; bbox 0 0 1667 2524; ppageno 0'>
   <div class='ocr_carea' id='block_1_1' title="bbox 84 895 101 925">
    <p class='ocr_par' dir='ltr' id='par_1_1' title="bbox 84 895 101 925">
     <span class='ocr_line' id='line_1_1' title="bbox 84 895 101 925; baseline 0 0"><span class='ocrx_word' id='word_1_1' title='bbox 84 895 101 925; x_wconf 83' lang='lat'>1</span> 
     </span>
    </p>
   </div>
   <div class='ocr_carea' id='block_1_2' title="bbox 82 1294 101 1322">
    <p class='ocr_par' dir='ltr' id='par_1_2' title="bbox 82 1294 101 1322">
     <span class='ocr_line' id='line_1_2' title="bbox 82 1294 101 1322; textangle 90"><span class='ocrx_word' id='word_1_2' title='bbox 82 1294 101 1322; x_wconf 61' lang='grc' dir='ltr'><em>Ν</em></span> 
     </span>
    </p>
   </div>
   <div class='ocr_carea' id='block_1_3' title="bbox 465 436 1149 484">
    <p class='ocr_par' dir='ltr' id='par_1_3' title="bbox 465 436 1149 484">
     <span class='ocr_line' id='line_1_3' title="bbox 465 436 1149 484; baseline 0 -2"><span class='ocrx_word' id='word_1_3' title='bbox 465 437 517 484; x_wconf 93' lang='lat' dir='ltr'>L.</span> <span class='ocrx_word' id='word_1_4' title='bbox 566 436 816 483; x_wconf 91' lang='lat' dir='ltr'><strong>ANNAEI</strong></span> <span class='ocrx_word' id='word_1_5' title='bbox 863 436 1149 484; x_wconf 84' lang='lat' dir='ltr'><strong>SENECAE</strong></span> 
     </span>
    </p>
   </div>
   <div class='ocr_carea' id='block_1_4' title="bbox 356 564 1313 813">
    <p class='ocr_par' dir='ltr' id='par_1_4' title="bbox 356 564 1313 813">
     <span class='ocr_line' id='line_1_4' title="bbox 356 564 1313 600; baseline -0.001 0"><span class='ocrx_word' id='word_1_6' title='bbox 356 565 521 600; x_wconf 91' lang='lat' dir='ltr'><strong>LUDUS</strong></span> <span class='ocrx_word' id='word_1_7' title='bbox 548 565 615 598; x_wconf 90' lang='lat' dir='ltr'>DE</span> <span class='ocrx_word' id='word_1_8' title='bbox 641 565 814 599; x_wconf 90' lang='lat' dir='ltr'><strong>MORTE</strong></span> <span class='ocrx_word' id='word_1_9' title='bbox 840 565 1048 599; x_wconf 90' lang='lat' dir='ltr'><strong>CLAUDII</strong></span> <span class='ocrx_word' id='word_1_10' title='bbox 1074 564 1313 600; x_wconf 87' lang='lat' dir='ltr'><strong>CAESARIS</strong></span> 
     </span>
     <span class='ocr_line' id='line_1_5' title="bbox 792 676 879 703; baseline 0 0"><span class='ocrx_word' id='word_1_11' title='bbox 792 676 879 703; x_wconf 77' lang='lat' dir='ltr'><strong>&#39;VEL</strong></span> 
     </span>
     <span class='ocr_line' id='line_1_6' title="bbox 558 772 1106 813; baseline 0 0"><span class='ocrx_word' id='word_1_12' title='bbox 558 772 1106 813; x_wconf 89' lang='lat' dir='ltr'><strong>APOCOLOCYNTOSIS</strong></span> 
     </span>
    </p>
   </div>
   <div class='ocr_carea' id='block_1_5' title="bbox 126 882 1557 2267">
    <p class='ocr_par' dir='ltr' id='par_1_5' title="bbox 126 882 1557 2267">
     <span class='ocr_line' id='line_1_7' title="bbox 189 882 1535 939; baseline -0.001 -15"><span class='ocrx_word' id='word_1_13' title='bbox 189 885 222 924; x_wconf 92' lang='lat' dir='ltr'>I.</span> <span class='ocrx_word' id='word_1_14' title='bbox 267 885 377 934; x_wconf 82' lang='lat' dir='ltr'>Quid</span> <span class='ocrx_word' id='word_1_15' title='bbox 401 888 554 939; x_wconf 79' lang='lat' dir='ltr'>actum</span> <span class='ocrx_word' id='word_1_16' title='bbox 571 884 625 939; x_wconf 85' lang='lat' dir='ltr'>sit</span> <span class='ocrx_word' id='word_1_17' title='bbox 649 884 693 939; x_wconf 86' lang='lat' dir='ltr'>in</span> <span class='ocrx_word' id='word_1_18' title='bbox 714 883 832 923; x_wconf 82' lang='lat' dir='ltr'>eaelo</span> <span class='ocrx_word' id='word_1_19' title='bbox 854 888 955 923; x_wconf 89' lang='lat' dir='ltr'>ante</span> <span class='ocrx_word' id='word_1_20' title='bbox 976 883 1089 923; x_wconf 90' lang='lat' dir='ltr'>diem</span> <span class='ocrx_word' id='word_1_21' title='bbox 1112 883 1195 923; x_wconf 90' lang='lat' dir='ltr'><strong>III.</strong></span> <span class='ocrx_word' id='word_1_22' title='bbox 1218 883 1315 923; x_wconf 91' lang='lat' dir='ltr'>idus</span> <span class='ocrx_word' id='word_1_23' title='bbox 1336 882 1535 924; x_wconf 78' lang='lat' dir='ltr'><strong>Octobris</strong></span> 
     </span>
     <span class='ocr_line' id='line_1_8' title="bbox 133 938 1530 999; baseline 0 -10"><span class='ocrx_word' id='word_1_24' title='bbox 133 964 246 990; x_wconf 91' lang='lat' dir='ltr'>anno</span> <span class='ocrx_word' id='word_1_25' title='bbox 260 940 392 999; x_wconf 66' lang='lat' dir='ltr'>novo,</span> <span class='ocrx_word' id='word_1_26' title='bbox 410 950 534 990; x_wconf 91' lang='lat' dir='ltr'>initio</span> <span class='ocrx_word' id='word_1_27' title='bbox 551 938 708 990; x_wconf 83' lang='lat' dir='ltr'>saeculi</span> <span class='ocrx_word' id='word_1_28' title='bbox 727 949 971 997; x_wconf 78' lang='lat' dir='ltr'>felicissimi,</span> <span class='ocrx_word' id='word_1_29' title='bbox 991 949 1089 989; x_wconf 86' lang='lat' dir='ltr'>volo</span> <span class='ocrx_word' id='word_1_30' title='bbox 1108 949 1337 990; x_wconf 88' lang='lat' dir='ltr'>memoriae</span> <span class='ocrx_word' id='word_1_31' title='bbox 1347 949 1530 989; x_wconf 88' lang='lat' dir='ltr'>tradere.</span> 
     </span>
     <span class='ocr_line' id='line_1_9' title="bbox 134 1015 1533 1066; baseline -0.001 -9"><span class='ocrx_word' id='word_1_32' title='bbox 134 1017 247 1057; x_wconf 88' lang='lat' dir='ltr'>Nihil</span> <span class='ocrx_word' id='word_1_33' title='bbox 282 1031 357 1057; x_wconf 77' lang='lat' dir='ltr'>nec</span> <span class='ocrx_word' id='word_1_34' title='bbox 393 1017 579 1057; x_wconf 87' lang='lat' dir='ltr'>offensae</span> <span class='ocrx_word' id='word_1_35' title='bbox 614 1030 689 1056; x_wconf 82' lang='lat' dir='ltr'>nec</span> <span class='ocrx_word' id='word_1_36' title='bbox 724 1016 887 1066; x_wconf 82' lang='lat' dir='ltr'>gratiae</span> <span class='ocrx_word' id='word_1_37' title='bbox 920 1016 1109 1056; x_wconf 87' lang='lat' dir='ltr'>dabitur.</span> <span class='ocrx_word' id='word_1_38' title='bbox 1171 1016 1289 1056; x_wconf 84' lang='lat' dir='ltr'>Haec</span> <span class='ocrx_word' id='word_1_39' title='bbox 1323 1015 1385 1056; x_wconf 84' lang='lat' dir='ltr'>ita</span> <span class='ocrx_word' id='word_1_40' title='bbox 1418 1028 1533 1056; x_wconf 89' lang='lat' dir='ltr'>vera.</span> 
     </span>
     <span class='ocr_line' id='line_1_10' title="bbox 132 1082 1534 1137; baseline -0.001 -14"><span class='ocrx_word' id='word_1_41' title='bbox 132 1083 174 1123; x_wconf 91' lang='lat' dir='ltr'>Si</span> <span class='ocrx_word' id='word_1_42' title='bbox 203 1083 297 1134; x_wconf 88' lang='lat' dir='ltr'>quis</span> <span class='ocrx_word' id='word_1_43' title='bbox 327 1083 586 1134; x_wconf 85' lang='lat' dir='ltr'>quaesiverit</span> <span class='ocrx_word' id='word_1_44' title='bbox 615 1083 729 1123; x_wconf 92' lang='lat' dir='ltr'>unde</span> <span class='ocrx_word' id='word_1_45' title='bbox 758 1082 904 1130; x_wconf 81' lang='lat' dir='ltr'>sciam,</span> <span class='ocrx_word' id='word_1_46' title='bbox 934 1082 1136 1132; x_wconf 86' lang='lat' dir='ltr'>primum,</span> <span class='ocrx_word' id='word_1_47' title='bbox 1166 1082 1201 1137; x_wconf 77' lang='lat' dir='ltr'>si</span> <span class='ocrx_word' id='word_1_48' title='bbox 1230 1082 1419 1132; x_wconf 83' lang='lat' dir='ltr'>noluero,</span> <span class='ocrx_word' id='word_1_49' title='bbox 1449 1095 1534 1121; x_wconf 90' lang='lat' dir='ltr'>non</span> 
     </span>
     <span class='ocr_line' id='line_1_11' title="bbox 126 1139 1534 1206; baseline -0.001 -17"><span class='ocrx_word' id='word_1_50' title='bbox 126 1139 410 1200; x_wconf 66' lang='lat' dir='ltr'>respondebo,</span> <span class='ocrx_word' id='word_1_51' title='bbox 469 1149 576 1206; x_wconf 27' lang='lat' dir='ltr'>&#39;Quis</span> <span class='ocrx_word' id='word_1_52' title='bbox 607 1153 834 1189; x_wconf 84' lang='lat' dir='ltr'>coacturus</span> <span class='ocrx_word' id='word_1_53' title='bbox 862 1149 959 1188; x_wconf 80' lang='lat' dir='ltr'>est?</span> <span class='ocrx_word' id='word_1_54' title='bbox 1018 1149 1110 1198; x_wconf 84' lang='lat' dir='ltr'>Ego</span> <span class='ocrx_word' id='word_1_55' title='bbox 1139 1148 1226 1188; x_wconf 80' lang='lat' dir='ltr'>scio</span> <span class='ocrx_word' id='word_1_56' title='bbox 1257 1161 1323 1188; x_wconf 92' lang='lat' dir='ltr'>me</span> <span class='ocrx_word' id='word_1_57' title='bbox 1354 1148 1534 1188; x_wconf 89' lang='lat' dir='ltr'>liberum</span> 
     </span>
     <span class='ocr_line' id='line_1_12' title="bbox 131 1206 1534 1267; baseline -0.001 -13"><span class='ocrx_word' id='word_1_58' title='bbox 131 1206 310 1263; x_wconf 75' lang='lat' dir='ltr'>factum,</span> <span class='ocrx_word' id='word_1_59' title='bbox 328 1230 381 1256; x_wconf 79' lang='lat' dir='ltr'>ex</span> <span class='ocrx_word' id='word_1_60' title='bbox 399 1229 485 1267; x_wconf 88' lang='lat' dir='ltr'>quo</span> <span class='ocrx_word' id='word_1_61' title='bbox 502 1228 627 1255; x_wconf 88' lang='lat' dir='ltr'>suum</span> <span class='ocrx_word' id='word_1_62' title='bbox 645 1215 758 1255; x_wconf 88' lang='lat' dir='ltr'>diem</span> <span class='ocrx_word' id='word_1_63' title='bbox 776 1214 881 1254; x_wconf 88' lang='lat' dir='ltr'>obiit</span> <span class='ocrx_word' id='word_1_64' title='bbox 899 1214 981 1263; x_wconf 88' lang='lat' dir='ltr'>ille,</span> <span class='ocrx_word' id='word_1_65' title='bbox 1000 1214 1073 1265; x_wconf 89' lang='lat' dir='ltr'>qui</span> <span class='ocrx_word' id='word_1_66' title='bbox 1090 1228 1240 1255; x_wconf 89' lang='lat' dir='ltr'>verum</span> <span class='ocrx_word' id='word_1_67' title='bbox 1258 1214 1534 1265; x_wconf 83' lang='lat' dir='ltr'>proverbium</span> 
     </span>
     <span class='ocr_line' id='line_1_13' title="bbox 131 1271 1534 1334; baseline -0.001 -13"><span class='ocrx_word' id='word_1_68' title='bbox 131 1282 304 1331; x_wconf 79' lang='lat' dir='ltr'>fecerat,</span> <span class='ocrx_word' id='word_1_69' title='bbox 329 1288 403 1323; x_wconf 88' lang='lat' dir='ltr'>aut</span> <span class='ocrx_word' id='word_1_70' title='bbox 427 1297 567 1334; x_wconf 80' lang='lat' dir='ltr'>regem</span> <span class='ocrx_word' id='word_1_71' title='bbox 591 1288 666 1323; x_wconf 89' lang='lat' dir='ltr'>aut</span> <span class='ocrx_word' id='word_1_72' title='bbox 689 1282 861 1322; x_wconf 84' lang='lat' dir='ltr'>fatuum</span> <span class='ocrx_word' id='word_1_73' title='bbox 885 1281 1001 1322; x_wconf 79' lang='lat' dir='ltr'>nasei</span> <span class='ocrx_word' id='word_1_74' title='bbox 1025 1286 1233 1332; x_wconf 76' lang='lat' dir='ltr'>oportere.</span> <span class='ocrx_word' id='word_1_75' title='bbox 1298 1271 1348 1322; x_wconf 67' lang='lat' dir='ltr'>Si*</span> <span class='ocrx_word' id='word_1_76' title='bbox 1363 1281 1534 1322; x_wconf 82' lang='lat' dir='ltr'>libuerit</span> 
     </span>
     <span class='ocr_line' id='line_1_14' title="bbox 131 1348 1535 1401; baseline 0 -13"><span class='ocrx_word' id='word_1_77' title='bbox 131 1350 398 1400; x_wconf 81' lang='lat' dir='ltr'>respondere,</span> <span class='ocrx_word' id='word_1_78' title='bbox 433 1350 574 1390; x_wconf 75' lang='lat' dir='ltr'>dicam</span> <span class='ocrx_word' id='word_1_79' title='bbox 609 1350 724 1401; x_wconf 90' lang='lat' dir='ltr'>quod</span> <span class='ocrx_word' id='word_1_80' title='bbox 760 1349 863 1388; x_wconf 89' lang='lat' dir='ltr'>mihi</span> <span class='ocrx_word' id='word_1_81' title='bbox 896 1349 939 1388; x_wconf 91' lang='lat' dir='ltr'>in</span> <span class='ocrx_word' id='word_1_82' title='bbox 972 1349 1156 1389; x_wconf 81' lang='lat' dir='ltr'>buccam</span> <span class='ocrx_word' id='word_1_83' title='bbox 1190 1348 1368 1389; x_wconf 81' lang='lat' dir='ltr'>venerit.</span> <span class='ocrx_word' id='word_1_84' title='bbox 1431 1348 1535 1398; x_wconf 83' lang='lat' dir='ltr'>Quis</span> 
     </span>
     <span class='ocr_line' id='line_1_15' title="bbox 130 1415 1532 1467; baseline 0.001 -12"><span class='ocrx_word' id='word_1_85' title='bbox 130 1428 337 1467; x_wconf 88' lang='lat' dir='ltr'>umquam</span> <span class='ocrx_word' id='word_1_86' title='bbox 356 1417 409 1456; x_wconf 84' lang='lat' dir='ltr'>ab</span> <span class='ocrx_word' id='word_1_87' title='bbox 434 1416 636 1457; x_wconf 81' lang='lat' dir='ltr'>historico</span> <span class='ocrx_word' id='word_1_88' title='bbox 659 1417 868 1457; x_wconf 87' lang='lat' dir='ltr'>iuratores</span> <span class='ocrx_word' id='word_1_89' title='bbox 892 1416 1064 1466; x_wconf 77' lang='lat' dir='ltr'>exegit?</span> <span class='ocrx_word' id='word_1_90' title='bbox 1121 1416 1286 1456; x_wconf 83' lang='lat' dir='ltr'>Tamen</span> <span class='ocrx_word' id='word_1_91' title='bbox 1303 1415 1337 1455; x_wconf 89' lang='lat' dir='ltr'>si</span> <span class='ocrx_word' id='word_1_92' title='bbox 1362 1429 1532 1456; x_wconf 85' lang='lat' dir='ltr'>neeesse</span> 
     </span>
     <span class='ocr_line' id='line_1_16' title="bbox 131 1482 1534 1536; baseline 0.001 -15"><span class='ocrx_word' id='word_1_93' title='bbox 131 1482 258 1522; x_wconf 84' lang='lat' dir='ltr'>fuerit</span> <span class='ocrx_word' id='word_1_94' title='bbox 288 1488 507 1524; x_wconf 74' lang='lat' dir='ltr'>auctorem</span> <span class='ocrx_word' id='word_1_95' title='bbox 537 1485 784 1535; x_wconf 78' lang='lat' dir='ltr'>producere,</span> <span class='ocrx_word' id='word_1_96' title='bbox 815 1485 1011 1536; x_wconf 81' lang='lat' dir='ltr'>quaerito</span> <span class='ocrx_word' id='word_1_97' title='bbox 1040 1485 1093 1524; x_wconf 90' lang='lat' dir='ltr'>ab</span> <span class='ocrx_word' id='word_1_98' title='bbox 1122 1498 1172 1524; x_wconf 92' lang='lat' dir='ltr'>eo</span> <span class='ocrx_word' id='word_1_99' title='bbox 1201 1484 1273 1535; x_wconf 89' lang='lat' dir='ltr'>qui</span> <span class='ocrx_word' id='word_1_100' title='bbox 1303 1483 1534 1523; x_wconf 83' lang='lat' dir='ltr'>Drusillam</span> 
     </span>
     <span class='ocr_line' id='line_1_17' title="bbox 129 1549 1532 1601; baseline 0.001 -13"><span class='ocrx_word' id='word_1_101' title='bbox 129 1554 304 1589; x_wconf 88' lang='lat' dir='ltr'>euntem</span> <span class='ocrx_word' id='word_1_102' title='bbox 331 1549 374 1588; x_wconf 92' lang='lat' dir='ltr'>in</span> <span class='ocrx_word' id='word_1_103' title='bbox 402 1551 566 1590; x_wconf 81' lang='lat' dir='ltr'>eaelum</span> <span class='ocrx_word' id='word_1_104' title='bbox 594 1551 725 1591; x_wconf 88' lang='lat' dir='ltr'>vidit:</span> <span class='ocrx_word' id='word_1_105' title='bbox 769 1552 891 1601; x_wconf 88' lang='lat' dir='ltr'>idem</span> <span class='ocrx_word' id='word_1_106' title='bbox 911 1551 1140 1592; x_wconf 87' lang='lat' dir='ltr'>Claudium</span> <span class='ocrx_word' id='word_1_107' title='bbox 1167 1550 1323 1592; x_wconf 86' lang='lat' dir='ltr'>vidisse</span> <span class='ocrx_word' id='word_1_108' title='bbox 1349 1563 1393 1590; x_wconf 86' lang='lat' dir='ltr'>se</span> <span class='ocrx_word' id='word_1_109' title='bbox 1419 1549 1532 1591; x_wconf 81' lang='lat' dir='ltr'>dicet</span> 
     </span>
     <span class='ocr_line' id='line_1_18' title="bbox 130 1607 1534 1675; baseline 0.001 -20"><span class='ocrx_word' id='word_1_110' title='bbox 130 1615 211 1675; x_wconf 51' lang='lat' dir='ltr'>iffi?</span> <span class='ocrx_word' id='word_1_111' title='bbox 233 1615 462 1673; x_wconf 61' lang='lat' dir='ltr'>facientem</span> <span class='ocrx_word' id='word_1_112' title='bbox 484 1618 594 1671; x_wconf 56' lang='lat' dir='ltr'>‚¹110ss</span> <span class='ocrx_word' id='word_1_113' title='bbox 618 1607 815 1670; x_wconf 80' lang='lat' dir='ltr'>passibus</span> <span class='ocrx_word' id='word_1_114' title='bbox 841 1619 1017 1670; x_wconf 83' lang='lat' dir='ltr'>aequis.‘</span> <span class='ocrx_word' id='word_1_115' title='bbox 1078 1618 1192 1658; x_wconf 87' lang='lat' dir='ltr'>Velit</span> <span class='ocrx_word' id='word_1_116' title='bbox 1218 1617 1339 1665; x_wconf 81' lang='lat' dir='ltr'>nolit,</span> <span class='ocrx_word' id='word_1_117' title='bbox 1365 1630 1534 1657; x_wconf 83' lang='lat' dir='ltr'>neeesse</span> 
     </span>
     <span class='ocr_line' id='line_1_19' title="bbox 129 1682 1534 1736; baseline 0.002 -15"><span class='ocrx_word' id='word_1_118' title='bbox 129 1686 192 1722; x_wconf 92' lang='lat' dir='ltr'>est</span> <span class='ocrx_word' id='word_1_119' title='bbox 217 1682 276 1721; x_wconf 92' lang='lat' dir='ltr'>illi</span> <span class='ocrx_word' id='word_1_120' title='bbox 301 1683 444 1723; x_wconf 88' lang='lat' dir='ltr'>omnia</span> <span class='ocrx_word' id='word_1_121' title='bbox 469 1684 626 1733; x_wconf 72' lang='lat' dir='ltr'>videre,</span> <span class='ocrx_word' id='word_1_122' title='bbox 653 1699 762 1736; x_wconf 87' lang='lat' dir='ltr'>quae</span> <span class='ocrx_word' id='word_1_123' title='bbox 787 1685 830 1725; x_wconf 91' lang='lat' dir='ltr'>in</span> <span class='ocrx_word' id='word_1_124' title='bbox 856 1685 972 1726; x_wconf 78' lang='lat' dir='ltr'>eaelo</span> <span class='ocrx_word' id='word_1_125' title='bbox 997 1689 1207 1736; x_wconf 82' lang='lat' dir='ltr'>aguntur:</span> <span class='ocrx_word' id='word_1_126' title='bbox 1249 1684 1414 1736; x_wconf 85' lang='lat' dir='ltr'>Appiae</span> <span class='ocrx_word' id='word_1_127' title='bbox 1439 1683 1534 1724; x_wconf 84' lang='lat' dir='ltr'>viae</span> 
     </span>
     <span class='ocr_line' id='line_1_20' title="bbox 130 1750 1535 1807; baseline 0.001 -20"><span class='ocrx_word' id='word_1_128' title='bbox 130 1753 302 1807; x_wconf 77' lang='lat' dir='ltr'>curator</span> <span class='ocrx_word' id='word_1_129' title='bbox 334 1754 412 1798; x_wconf 81' lang='lat' dir='ltr'>est,</span> <span class='ocrx_word' id='word_1_130' title='bbox 448 1764 535 1801; x_wconf 83' lang='lat' dir='ltr'>qua</span> <span class='ocrx_word' id='word_1_131' title='bbox 568 1751 647 1792; x_wconf 84' lang='lat' dir='ltr'>scis</span> <span class='ocrx_word' id='word_1_132' title='bbox 681 1756 724 1792; x_wconf 88' lang='lat' dir='ltr'>et</span> <span class='ocrx_word' id='word_1_133' title='bbox 761 1752 923 1792; x_wconf 80' lang='lat' dir='ltr'>Divum</span> <span class='ocrx_word' id='word_1_134' title='bbox 959 1752 1203 1803; x_wconf 82' lang='lat' dir='ltr'>Augustum</span> <span class='ocrx_word' id='word_1_135' title='bbox 1238 1755 1281 1791; x_wconf 90' lang='lat' dir='ltr'>et</span> <span class='ocrx_word' id='word_1_136' title='bbox 1315 1750 1535 1798; x_wconf 36' lang='lat' dir='ltr'>Tiberium,</span> 
     </span>
     <span class='ocr_line' id='line_1_21' title="bbox 129 1807 1534 1874; baseline 0.002 -21"><span class='ocrx_word' id='word_1_137' title='bbox 129 1807 354 1874; x_wconf 61' lang='lat' dir='ltr'>Caesarem</span> <span class='ocrx_word' id='word_1_138' title='bbox 400 1817 453 1857; x_wconf 93' lang='lat' dir='ltr'>ad</span> <span class='ocrx_word' id='word_1_139' title='bbox 501 1818 603 1873; x_wconf 84' lang='lat' dir='ltr'>deos</span> <span class='ocrx_word' id='word_1_140' title='bbox 649 1818 742 1859; x_wconf 87' lang='lat' dir='ltr'>isse.</span> <span class='ocrx_word' id='word_1_141' title='bbox 806 1819 933 1859; x_wconf 84' lang='lat' dir='ltr'>Hunc</span> <span class='ocrx_word' id='word_1_142' title='bbox 981 1818 1015 1858; x_wconf 86' lang='lat' dir='ltr'>si</span> <span class='ocrx_word' id='word_1_143' title='bbox 1063 1817 1408 1869; x_wconf 81' lang='lat' dir='ltr'>interrogaveris,</span> <span class='ocrx_word' id='word_1_144' title='bbox 1457 1817 1534 1857; x_wconf 89' lang='lat' dir='ltr'>soli</span> 
     </span>
     <span class='ocr_line' id='line_1_22' title="bbox 129 1874 1531 1936; baseline 0.002 -16"><span class='ocrx_word' id='word_1_145' title='bbox 129 1882 319 1922; x_wconf 84' lang='lat' dir='ltr'>narrabit</span> <span class='ocrx_word' id='word_1_146' title='bbox 333 1895 342 1931; x_wconf 87' lang='lat'>;</span> <span class='ocrx_word' id='word_1_147' title='bbox 399 1897 541 1923; x_wconf 78' lang='lat' dir='ltr'>eoram</span> <span class='ocrx_word' id='word_1_148' title='bbox 562 1874 565 1876; x_wconf 33' lang='lat'>¹</span> <span class='ocrx_word' id='word_1_149' title='bbox 600 1885 792 1935; x_wconf 90' lang='lat' dir='ltr'>pluribus</span> <span class='ocrx_word' id='word_1_150' title='bbox 849 1898 1087 1936; x_wconf 87' lang='lat' dir='ltr'>numquam</span> <span class='ocrx_word' id='word_1_151' title='bbox 1144 1885 1326 1926; x_wconf 85' lang='lat' dir='ltr'>verbum</span> <span class='ocrx_word' id='word_1_152' title='bbox 1390 1883 1531 1924; x_wconf 68' lang='lat' dir='ltr'>faciet.</span> 
     </span>
     <span class='ocr_line' id='line_1_23' title="bbox 131 1949 1538 2007; baseline 0.002 -20"><span class='ocrx_word' id='word_1_153' title='bbox 131 1949 241 1988; x_wconf 87' lang='lat' dir='ltr'>Nam</span> <span class='ocrx_word' id='word_1_154' title='bbox 263 1963 315 1989; x_wconf 82' lang='lat' dir='ltr'>ex</span> <span class='ocrx_word' id='word_1_155' title='bbox 338 1963 423 2000; x_wconf 84' lang='lat' dir='ltr'>quo</span> <span class='ocrx_word' id='word_1_156' title='bbox 444 1950 487 1989; x_wconf 91' lang='lat' dir='ltr'>in</span> <span class='ocrx_word' id='word_1_157' title='bbox 509 1956 663 1992; x_wconf 85' lang='lat' dir='ltr'>senatu</span> <span class='ocrx_word' id='word_1_158' title='bbox 684 1952 843 1992; x_wconf 87' lang='lat' dir='ltr'>iuravit</span> <span class='ocrx_word' id='word_1_159' title='bbox 866 1965 909 1992; x_wconf 91' lang='lat' dir='ltr'>se</span> <span class='ocrx_word' id='word_1_160' title='bbox 932 1952 1165 1992; x_wconf 87' lang='lat' dir='ltr'>Drusillam</span> <span class='ocrx_word' id='word_1_161' title='bbox 1187 1951 1344 1992; x_wconf 86' lang='lat' dir='ltr'>vidisse</span> <span class='ocrx_word' id='word_1_162' title='bbox 1367 1951 1538 2007; x_wconf 76' lang='lat' dir='ltr'>caelum</span> 
     </span>
     <span class='ocr_line' id='line_1_24' title="bbox 128 2014 1557 2075; baseline 0.002 -21"><span class='ocrx_word' id='word_1_163' title='bbox 128 2014 461 2057; x_wconf 75' lang='lat' dir='ltr'>adscendentem</span> <span class='ocrx_word' id='word_1_164' title='bbox 482 2022 524 2057; x_wconf 89' lang='lat' dir='ltr'>et</span> <span class='ocrx_word' id='word_1_165' title='bbox 546 2017 605 2057; x_wconf 87' lang='lat' dir='ltr'>illi</span> <span class='ocrx_word' id='word_1_166' title='bbox 634 2032 712 2069; x_wconf 86' lang='lat' dir='ltr'>pro</span> <span class='ocrx_word' id='word_1_167' title='bbox 741 2023 833 2059; x_wconf 90' lang='lat' dir='ltr'>tam</span> <span class='ocrx_word' id='word_1_168' title='bbox 863 2019 978 2058; x_wconf 88' lang='lat' dir='ltr'>bono</span> <span class='ocrx_word' id='word_1_169' title='bbox 1009 2018 1162 2058; x_wconf 88' lang='lat' dir='ltr'>nuntio</span> <span class='ocrx_word' id='word_1_170' title='bbox 1184 2017 1557 2075; x_wconf 41' lang='lat' dir='ltr'>nemo-p—rgdssssijss„</span> 
     </span>
     <span class='ocr_line' id='line_1_25' title="bbox 128 2075 1535 2135; baseline 0.002 -14"><span class='ocrx_word' id='word_1_171' title='bbox 128 2082 242 2132; x_wconf 86' lang='lat' dir='ltr'>quod</span> <span class='ocrx_word' id='word_1_172' title='bbox 279 2082 434 2123; x_wconf 85' lang='lat' dir='ltr'>viderit</span> <span class='ocrx_word' id='word_1_173' title='bbox 466 2084 607 2124; x_wconf 86' lang='lat' dir='ltr'>verbis</span> <span class='ocrx_word' id='word_1_174' title='bbox 644 2085 862 2135; x_wconf 74' lang='lat' dir='ltr'>conceptis</span> <span class='ocrx_word' id='word_1_175' title='bbox 898 2084 1144 2125; x_wconf 84' lang='lat' dir='ltr'>adfirmavit</span> <span class='ocrx_word' id='word_1_176' title='bbox 1180 2076 1223 2125; x_wconf 88' lang='lat' dir='ltr'>se</span> <span class='ocrx_word' id='word_1_177' title='bbox 1236 2075 1345 2124; x_wconf 43' lang='lat' dir='ltr'>anon</span> <span class='ocrx_word' id='word_1_178' title='bbox 1373 2083 1535 2124; x_wconf 84' lang='lat' dir='ltr'>indica-</span> 
     </span>
     <span class='ocr_line' id='line_1_26' title="bbox 128 2149 1531 2193; baseline 0.002 -6"><span class='ocrx_word' id='word_1_179' title='bbox 128 2152 290 2193; x_wconf 78' lang='lat' dir='ltr'>turum,</span> <span class='ocrx_word' id='word_1_180' title='bbox 317 2149 447 2189; x_wconf 83' lang='lat' dir='ltr'>etiam</span> <span class='ocrx_word' id='word_1_181' title='bbox 474 2151 507 2190; x_wconf 85' lang='lat' dir='ltr'>si</span> <span class='ocrx_word' id='word_1_182' title='bbox 532 2151 575 2190; x_wconf 90' lang='lat' dir='ltr'>in</span> <span class='ocrx_word' id='word_1_183' title='bbox 602 2152 742 2192; x_wconf 84' lang='lat' dir='ltr'>medio</span> <span class='ocrx_word' id='word_1_184' title='bbox 768 2152 860 2192; x_wconf 86' lang='lat' dir='ltr'>foro</span> <span class='ocrx_word' id='word_1_185' title='bbox 885 2151 1103 2192; x_wconf 88' lang='lat' dir='ltr'>hominem</span> <span class='ocrx_word' id='word_1_186' title='bbox 1129 2151 1315 2192; x_wconf 73' lang='lat' dir='ltr'>occisum</span> <span class='ocrx_word' id='word_1_187' title='bbox 1341 2150 1531 2191; x_wconf 72' lang='lat' dir='ltr'>vidisset.</span> 
     </span>
     <span class='ocr_line' id='line_1_27' title="bbox 129 2214 1533 2267; baseline 0.002 -14"><span class='ocrx_word' id='word_1_188' title='bbox 129 2214 194 2254; x_wconf 85' lang='lat' dir='ltr'>Ab</span> <span class='ocrx_word' id='word_1_189' title='bbox 221 2214 298 2255; x_wconf 82' lang='lat' dir='ltr'>hoo</span> <span class='ocrx_word' id='word_1_190' title='bbox 324 2229 401 2263; x_wconf 60' lang='lat' dir='ltr'>ego</span> <span class='ocrx_word' id='word_1_191' title='bbox 427 2230 537 2267; x_wconf 81' lang='lat' dir='ltr'>quae</span> <span class='ocrx_word' id='word_1_192' title='bbox 562 2222 656 2257; x_wconf 87' lang='lat' dir='ltr'>tum</span> <span class='ocrx_word' id='word_1_193' title='bbox 684 2218 845 2267; x_wconf 71' lang='lat' dir='ltr'>audivi,</span> <span class='ocrx_word' id='word_1_194' title='bbox 873 2223 989 2258; x_wconf 83' lang='lat' dir='ltr'>certa</span> <span class='ocrx_word' id='word_1_195' title='bbox 1015 2218 1129 2258; x_wconf 83' lang='lat' dir='ltr'>clara</span> <span class='ocrx_word' id='word_1_196' title='bbox 1155 2217 1316 2266; x_wconf 85' lang='lat' dir='ltr'>adfero,</span> <span class='ocrx_word' id='word_1_197' title='bbox 1335 2217 1397 2257; x_wconf 88' lang='lat' dir='ltr'>ita</span> <span class='ocrx_word' id='word_1_198' title='bbox 1414 2217 1533 2257; x_wconf 91' lang='lat' dir='ltr'>illum</span> 
     </span>
    </p>
   </div>
   <div class='ocr_carea' id='block_1_6' title="bbox 128 2281 856 2380">
    <p class='ocr_par' dir='ltr' id='par_1_6' title="bbox 128 2281 856 2380">
     <span class='ocr_line' id='line_1_28' title="bbox 128 2281 809 2325; baseline 0.007 -6"><span class='ocrx_word' id='word_1_199' title='bbox 128 2281 297 2320; x_wconf 79' lang='lat' dir='ltr'>salvum</span> <span class='ocrx_word' id='word_1_200' title='bbox 333 2287 375 2321; x_wconf 81' lang='lat' dir='ltr'>ot</span> <span class='ocrx_word' id='word_1_201' title='bbox 412 2282 577 2323; x_wconf 72' lang='lat' dir='ltr'>felioem</span> <span class='ocrx_word' id='word_1_202' title='bbox 613 2284 809 2325; x_wconf 83' lang='lat' dir='ltr'>habeam.</span> 
     </span>
     <span class='ocr_line' id='line_1_29' title="bbox 815 2349 856 2380; baseline -0.024 0"><span class='ocrx_word' id='word_1_203' title='bbox 815 2349 856 2380; x_wconf 81' lang='lat'>24</span> 
     </span>
    </p>
   </div>
  </div>
 </body>
</html>
