1667 2524
570 112 1044 147 APOCOLOCYNTOSIS
1457 109 1513 150 29

112 232 356 284 oportebat,
390 231 577 272 Romam
611 231 737 282 cepit.
799 231 927 270 Hunc
959 244 1036 281 ego
1070 230 1148 270 tibi
1182 231 1337 281 recipio
1371 231 1511 281 Lugu-

110 299 214 339 duni
244 303 411 346 natum,
441 298 514 337 ubi
545 298 717 337 Licinus
746 297 894 336 multis
923 297 1046 336 annis
1075 298 1284 347 regnavit.
1344 298 1409 337 Tu
1438 311 1511 337 au-

111 370 213 413 tem,
235 365 307 415 qui
328 364 450 415 plura
471 364 562 403 loca
584 363 756 403 calcasti
777 376 909 414 quam
929 363 1040 403 ullus
1060 363 1191 403 mulio
1212 364 1511 414 perpetuarius

111 431 453 482 Lugudunensis,
481 431 585 470 scire
611 430 741 470 debes
767 430 906 470 multa
932 430 1049 469 milia
1075 430 1187 469 inter
1213 429 1442 469 Xanthum
1468 435 1511 469 et

110 497 372 537 Rhodanum
388 497 618 537 interesse.’
680 496 968 536 Excandescit
999 496 1078 535 hoc
1110 496 1201 536 loco
1233 496 1437 535 Claudius
1467 501 1509 536 et

110 569 275 615 quanto
314 568 458 614 potest
496 576 714 603 murmure
752 563 962 602 irascitur.
1023 562 1510 620 Ωὲξῴὼῼθζὲῖμῌθῑηο

109 630 401 682 intellegebat,
431 630 498 669 ille
527 634 674 669 autem
703 629 874 669 Febrim
902 629 1001 669 duci
1029 629 1220 669 iubebat.
1282 628 1360 667 Illo
1388 633 1511 679 gestu

109 684 275 737 solutae
295 710 448 736 manus
467 701 510 736 et
531 697 584 736 ad
605 696 684 735 hoc
704 709 839 735 unum
859 696 964 735 satis
984 696 1145 744 firmae,
1183 708 1267 746 quo
1301 695 1511 735 decollare

110 763 303 804 homines
339 763 519 811 solebat,
557 763 738 803 iusserat
776 763 834 802 illi
874 763 1029 802 collum
1067 763 1268 813 praecidi.
1331 762 1511 802 Putares

109 843 256 870 omnes
281 829 392 868 illius
417 843 506 869 esse
532 829 728 869 libertos:
770 830 877 869 adeo
904 829 1023 868 illum
1050 843 1175 869 nemo
1204 829 1396 869 curabat.

163 897 262 936 VII.
299 896 410 935 Tum
432 895 636 951 Hercules
656 896 884 951 ‘audi-me’
906 896 1062 947 inquit,
1082 897 1153 935 ‘tu
1170 896 1317 936 desine
1333 896 1509 937 fatuari.

108 950 822 1017 Yenjstximn‘ffiresferrum
838 963 1011 1014 rodun-t.
1070 962 1206 1002 Citius
1221 962 1325 1001 mihi
1345 975 1508 1010 verum,

109 1043 161 1069 ne
177 1029 255 1069 tibi
273 1029 433 1080 alogias
449 1029 697 1069 excutiam!
759 1029 816 1069 Et
834 1042 918 1080 quo
936 1029 1167 1069 terribilior
1181 1033 1306 1078 esset,
1324 1028 1511 1079 tragicus

109 1095 158 1136 fit
177 1100 220 1136 et
240 1096 322 1135 ait:

274 1190 514 1241 ‘Exprome
543 1205 735 1242 propere,
766 1191 863 1231 sede
894 1205 979 1242 qua
1008 1191 1177 1242 genitus
1208 1190 1336 1239 cluas,

275 1257 355 1296 hoc
384 1271 436 1297 ne
464 1263 713 1308 peremptus
742 1258 889 1308 stipite
919 1258 972 1297 ad
1004 1263 1162 1298 terram
1191 1258 1381 1306 accidas;

276 1323 380 1363 haec
408 1323 530 1363 clava
557 1337 672 1374 reges
699 1337 824 1374 saepe
852 1325 1063 1364 mactavit
1091 1325 1216 1364 feros.

276 1390 388 1438 Quid
412 1403 525 1430 nunc
548 1391 723 1441 profatu
746 1391 863 1430 vocis
886 1391 1048 1430 incerto
1071 1392 1230 1431 sonas?

276 1456 396 1505 Quae
419 1457 575 1507 patria,
601 1470 710 1508 quae
734 1471 836 1507 gens
860 1457 1016 1497 mobile
1040 1458 1191 1497 eduxit
1217 1458 1379 1508 caput?

275 1522 484 1564 Edissere.
546 1523 760 1574 Equidem
788 1537 916 1574 regna
944 1524 1167 1574 tergemini
1192 1528 1344 1574 petens

275 1589 509 1641 longinqua
534 1590 655 1641 regis,
682 1591 796 1630 unde
822 1591 876 1629 ab
905 1591 1112 1641 Hesperio
1138 1591 1246 1629 mari

275 1655 498 1695 Inachiam
526 1657 580 1696 ad
608 1656 759 1696 urbem
789 1657 928 1696 nobile
959 1657 1115 1697 advexi
1144 1670 1287 1708 pecus,

273 1723 362 1762 vidi
388 1722 557 1762 duobus
584 1723 811 1763 imminens
839 1723 981 1763 fluviis
1002 1724 1164 1773 iugum,

214 1801 247 1827 10
278 1789 392 1841 quod
414 1789 613 1829 Phoebus
634 1794 732 1829 ortu
754 1803 921 1840 semper
941 1790 1122 1830 obverso
1143 1790 1276 1838 videt,

274 1855 347 1895 ubi
379 1855 617 1896 Rhodanus
649 1857 797 1907 ingens
829 1870 954 1896 amne
988 1856 1244 1907 praerapido
1277 1856 1388 1904 fluit,

274 1921 466 1972 Ararque
488 1922 708 1970 dubitans,
733 1936 817 1974 quo
840 1936 938 1962 suos
963 1936 1108 1962 cursus
1131 1927 1246 1973 agat,

273 1988 433 2028 tacitus
464 1989 620 2040 quietis
653 1989 790 2029 adluit
823 1989 936 2040 ripas
968 1989 1104 2029 vadis.

274 2054 408 2094 Estne
438 2055 507 2094 illa
538 2055 663 2095 tellus
693 2056 869 2106 spiritus
898 2055 1029 2095 altrix
1058 2055 1173 2095 tui?'

111 2153 228 2194 Haec
255 2155 358 2194 satis
385 2155 575 2195 animose
600 2160 643 2195 et
668 2156 859 2203 fortiter;
901 2155 1033 2195 nihilo
1060 2155 1201 2194 minus
1227 2155 1384 2195 mentis
1409 2168 1510 2195 suae

111 2233 196 2259 non
224 2226 287 2260 est
316 2226 359 2261 et
389 2222 513 2262 timet
535 2222 677 2275 μωροῦ
699 2220 889 2273 πληνγήν.
950 2222 1153 2262 Claudius
1169 2226 1218 2261 ut
1243 2222 1353 2261 vidit
1370 2221 1510 2261 virum

111 2288 346 2338 valentem,
368 2289 527 2330 oblitus
548 2303 758 2341 nugarum
779 2290 991 2330 intellexit
1012 2291 1226 2331 neminem
1246 2290 1411 2330 Romae
1431 2289 1510 2330 sibi

791 2353 1172 2362 Μ
1370 2345 1514 2363 --m—‹ae-V‘

1541 507 1559 534 [Ο

1557 1200 1576 1228 [Ο

1540 2162 1559 2191 3
