1667 2524
134 131 186 172 10
563 130 603 164 L.
639 130 832 163 ANNAEI
867 131 1095 165 SENECAE

133 254 227 294 culo
253 254 412 294 fruitur
435 258 479 293 et
505 252 696 292 humana
723 252 867 291 omnia
893 265 946 291 ex
973 251 1064 291 loco
1091 252 1306 302 superiore
1332 252 1528 302 despicit,

132 320 280 361 divina
302 334 417 368 vero,
441 332 625 370 quorum
647 319 858 358 rationem
882 322 972 357 tam
994 318 1068 357 diu
1090 318 1250 357 frustra
1272 318 1529 368 quaesierat,

132 387 308 438 propius
346 387 552 426 intuetur.
614 385 725 434 Quid
765 385 912 435 itaque
950 384 1040 424 eius
1077 384 1286 423 desiderio
1326 397 1530 432 maceror,

133 453 206 504 qui
238 458 314 492 aut
346 452 499 492 beatus
531 456 607 491 aut
639 451 780 491 nullus
811 452 906 490 est?
967 450 1151 490 Beatum
1183 450 1337 490 deflere
1368 451 1532 489 invidia

133 524 211 568 est,
231 519 394 558 nullum
413 518 660 558 dementia.’
725 518 825 567 [28]
858 516 925 555 An
943 516 1022 556 hoc
1040 521 1082 556 te
1100 522 1261 564 movet,
1282 517 1397 567 quod
1416 517 1532 556 vide-

134 590 205 626 tur
225 585 470 636 ingentibus
491 590 534 624 et
557 598 653 624 cum
676 584 863 623 maxime
886 583 1153 623 circumfusis
1175 583 1297 622 bonis
1320 583 1533 622 caruisse?

133 652 240 692 Cum
274 651 528 702 cogitaveris
559 650 697 690 multa
728 663 831 698 esse,
864 663 974 701 quae
1005 650 1206 700 perdidit,
1241 650 1381 699 cogita
1411 649 1533 700 plura

133 732 236 767 esse,
260 731 369 769 quae
391 731 477 757 non
499 717 645 757 timet:
682 730 767 755 non
790 716 851 755 ira
872 729 969 756 eum
993 715 1228 766 torquebit,
1252 729 1338 754 non
1359 715 1535 754 morbus

134 785 323 835 adfliget‚
346 798 431 823 non
453 784 637 834 suspicio
659 783 851 830 lacesset⁷
874 796 959 821 non
980 783 1092 822 edax
1112 786 1155 821 et
1176 782 1349 821 inimica
1370 794 1536 832 semper

135 851 281 891 alienis
300 850 567 902 processibus
586 850 749 889 invidia
769 849 1102 896 consectabitur,
1122 862 1207 887 non
1226 852 1367 888 metus
1385 848 1536 887 sollici-

135 917 262 965 tabit,
291 931 376 956 non
405 917 559 956 levitas
580 916 798 956 Fortunae
822 916 907 955 cito
929 928 1107 955 munera
1135 928 1211 954 sua
1239 914 1537 954 transferentis

136 983 410 1035 inquietabit.
472 983 513 1023 Si
542 982 650 1022 bene
678 987 916 1032 computes,
945 981 1040 1032 plus
1068 981 1125 1020 illi
1154 982 1377 1020 remissum
1406 994 1536 1032 quam

136 1056 331 1101 ereptum
359 1055 437 1090 est.
499 1050 597 1088 Non
624 1049 778 1099 opibus
804 1049 985 1097 fruetur,
1014 1061 1099 1087 non
1127 1052 1203 1087 tua
1231 1048 1356 1087 simul
1385 1061 1433 1087 ac
1461 1060 1537 1086 sua

136 1118 296 1168 gratia;
333 1130 419 1155 non
440 1116 621 1166 accipiet
642 1115 862 1163 beneficia,
885 1128 971 1153 non
990 1115 1134 1154 dabit:
1171 1115 1373 1153 miserum
1394 1118 1536 1164 putas,

137 1184 252 1234 quod
279 1184 362 1222 ista
388 1182 547 1230 amisit,
575 1195 629 1221 an
656 1181 848 1229 beatum,
876 1181 991 1232 quod
1019 1194 1104 1220 11011
1130 1181 1376 1220 desiderat?
1436 1180 1538 1219 Mihi

139 1250 274 1298 crede,
299 1249 333 1289 is
356 1249 524 1289 beatior
546 1252 625 1297 est,
651 1249 717 1287 cui
741 1248 917 1287 fortuna
940 1260 1208 1298 supervacua
1231 1251 1309 1295 est,
1335 1260 1467 1297 quam
1490 1246 1538 1294 is,

139 1316 204 1355 cui
232 1320 386 1367 parata
414 1320 491 1355 est.
554 1314 710 1355 Omnia
737 1315 821 1354 ista
849 1314 976 1362 bona,
1006 1327 1116 1364 quae
1145 1327 1221 1353 nos
1248 1313 1439 1363 speciosa
1466 1313 1539 1352 sed

138 1383 278 1423 fallaci
320 1382 547 1432 voluptate
587 1381 820 1429 delectant,
862 1381 1058 1431 pecunia,
1099 1380 1301 1430 dignitas,
1343 1379 1540 1430 potentia

139 1449 307 1500 aliaque
326 1448 560 1499 complura,
580 1448 634 1488 ad
653 1461 764 1499 quae
783 1447 947 1498 generis
972 1446 1150 1486 humani
1177 1459 1301 1486 caeca
1327 1446 1541 1496 cupiditas

139 1515 420 1566 obstupescit,
450 1528 547 1554 cum
573 1514 718 1554 labore
744 1514 1033 1565 possidentur,
1063 1526 1159 1552 cum
1185 1512 1349 1552 invidia
1377 1512 1541 1562 conspi-

141 1583 325 1630 ciuntur,
359 1595 430 1621 eos
461 1581 648 1632 denique
679 1581 807 1632 ipsos,
841 1593 949 1632 quos
980 1583 1207 1627 exornant,
1240 1584 1283 1619 et
1316 1583 1538 1629 premunt,

139 1648 235 1700 plus
270 1648 493 1688 minantur
527 1661 659 1699 quam
694 1651 897 1698 prosunt,
949 1646 1113 1685 lubrica
1148 1650 1190 1685 et
1226 1645 1389 1684 incerta
1424 1649 1539 1691 sunt,

140 1728 379 1766 numquam
399 1715 507 1754 bene
528 1718 752 1762 tenentur;
789 1727 889 1752 nam
911 1717 960 1753 ut
982 1712 1085 1751 nihil
1106 1712 1158 1751 de
1180 1716 1373 1762 tempore
1393 1711 1540 1750 futuro

141 1782 360 1829 timeatur,
381 1782 473 1832 ipsa
494 1785 642 1820 tamen
661 1794 843 1831 magnae
863 1779 1082 1820 felicitatis
1102 1778 1240 1818 tutela
1260 1777 1442 1817 sollicita
1461 1781 1539 1816 est.

141 1848 183 1888 Si
216 1841 320 1888 velis
353 1848 521 1887 credere
553 1847 683 1887 altius
709 1847 940 1887 veritatem
972 1844 1257 1892 intuentibus,
1285 1844 1424 1883 omnis
1450 1843 1541 1882 vita

141 1914 397 1965 supplicium
415 1918 501 1954 est:
544 1914 588 1953 in
614 1913 695 1953 hoc
722 1913 986 1964 profundum
1005 1911 1335 1963 inquietumque
1363 1909 1539 1960 proiecti

142 1994 271 2028 mare,
302 1980 477 2020 alternis
506 1980 697 2020 aestibus
726 1980 989 2030 reciprocum
1018 1982 1060 2018 et
1089 1977 1218 2017 modo
1247 1976 1438 2015 allevans
1466 1988 1543 2014 nos

142 2046 295 2086 subitis
318 2047 606 2094 incrementis,
622 2046 751 2086 modo
773 2045 1008 2085 maioribus
1029 2044 1199 2084 damnis
1220 2043 1415 2082 deferens
1433 2042 1543 2081 adsi-

142 2113 311 2163 dueque
342 2113 522 2160 iactans,
554 2125 794 2163 numquam
825 2111 968 2152 stabili
1001 2110 1274 2150 consistimus
1304 2109 1410 2156 loco,
1442 2121 1544 2158 pen-

142 2178 293 2218 demus
320 2182 363 2218 et
392 2178 654 2217 fluctuamur
680 2183 723 2218 et
751 2178 860 2218 alter
886 2178 928 2217 in
957 2177 1140 2217 alterum
1168 2176 1373 2215 illidimur
1399 2179 1442 2214 et
1470 2174 1543 2212 ali-

144 2244 318 2295 quando
357 2245 630 2293 naufragium
668 2245 865 2292 facimus,
903 2256 1071 2294 semper
1108 2243 1330 2288 timemus;
1384 2241 1427 2279 in
1465 2239 1543 2278 hoc

145 2315 235 2351 tam
276 2310 510 2360 procelloso
550 2314 593 2351 et
636 2311 689 2351 ad
721 2324 868 2353 omncs
899 2312 1181 2360 tempestates
1209 2306 1407 2358 exposito
1437 2306 1541 2345 mari
