1667 2524
126 93 153 133 4
563 96 603 130 L.
637 96 833 130 ANNAEI
867 98 1095 132 SENECAE

77 231 96 259 4
128 217 328 268 proficere
369 228 610 268 possumus,
654 228 986 266 conqueramur:
1043 217 1167 268 ‘quid
1211 217 1289 257 tibi
1340 218 1527 267 voluisti,

129 288 217 324 tam
261 283 421 323 iniusta
464 287 507 322 et
552 286 642 322 tam
687 282 877 322 violenta
921 282 1145 323 Fortuna?
1203 284 1311 323 Tam
1358 285 1442 324 cito
1487 290 1529 325 te

125 350 416 401 indulgentiae
443 353 544 389 tuae
571 348 817 399 paenituit?
876 348 995 397 Quae
1022 349 1105 389 ista
1135 350 1365 390 crudelitas
1395 355 1459 391 est
1486 352 1528 391 in

126 417 288 457 medios
326 416 480 455 fratres
519 415 730 465 impetum
769 415 908 455 facere
946 419 989 455 et
1029 420 1120 455 tam
1161 422 1338 457 cruenta
1380 419 1530 469 rapina

128 482 503 523 concordissimam
538 481 713 521 turbam
748 480 1015 530 imminuere,
1052 486 1142 522 tam
1179 483 1286 523 bene
1322 484 1530 535 stipatam

126 550 389 601 optimorum
411 548 751 588 adulescentium
773 548 966 597 domum,
990 548 1032 587 in
1056 549 1171 589 nullo
1196 551 1327 590 fratre
1353 551 1530 601 degene-

77 630 97 660 5
127 621 308 664 rantem,
331 615 504 655 turbare
531 619 574 655 et
606 614 696 654 sine
729 614 815 654 ulla
849 628 977 654 causa
1010 615 1221 656 delibare!
1284 617 1399 657 Nihil
1432 632 1530 668 ergo

127 683 300 735 prodest
322 682 568 722 innocentia
594 681 649 721 ad
677 695 848 721 omnem
877 681 1011 732 legem
1040 687 1209 729 exacta,
1229 683 1332 723 nihil
1351 685 1531 736 antiqua

126 749 363 801 frugalitas,
421 748 523 787 nihil
580 748 798 788 felicitatis
855 761 1050 788 summae
1108 751 1305 800 potentia
1362 764 1532 791 summa

128 819 381 857 conservata
405 815 683 863 abstinentia,
712 814 815 854 nihil
841 815 1031 854 sincerus
1064 820 1107 856 et
1139 820 1260 856 tutus
1291 816 1533 858 litterarum

127 897 261 932 amor,
286 882 389 922 nihil
414 882 469 921 ab
493 882 609 921 omni
634 881 729 921 labe
754 895 873 921 mens
899 883 1090 921 vacans?
1150 883 1287 933 Luget
1312 884 1531 934 Polybius,

126 955 169 991 et
191 950 235 991 in
256 963 341 990 uno
362 950 494 989 fratre
518 949 621 1001 quid
643 948 694 989 de
717 949 890 1001 reliquis
914 949 1046 1001 possit
1073 954 1262 989 metuere
1285 950 1532 991 admonitus

126 1017 258 1058 etiam
284 1017 335 1057 de
360 1016 462 1067 ipsis
495 1015 652 1055 doloris
683 1015 748 1055 sui
780 1015 948 1056 solaciis
980 1016 1119 1056 timet.
1182 1016 1367 1057 Facinus
1399 1018 1533 1068 indig-

128 1085 255 1124 num!
315 1084 452 1134 Luget
480 1083 685 1132 Polybius
711 1087 754 1122 et
782 1082 943 1134 aliquid
972 1083 1159 1134 propitio
1186 1083 1304 1124 dolet
1330 1084 1532 1124 Caesare!

130 1152 223 1190 Hoc
246 1151 336 1190 sine
359 1149 506 1198 dubio,
533 1150 748 1200 impotens
773 1150 962 1197 fortuna,
989 1150 1190 1200 captasti,
1215 1154 1264 1190 ut
1288 1151 1533 1191 ostenderes

129 1218 342 1257 neminem
366 1221 516 1256 contra
540 1221 582 1256 te
606 1229 657 1256 ne
681 1229 705 1255 a
728 1216 907 1256 Caesare
931 1216 1105 1267 quidem
1129 1229 1252 1267 posse
1274 1217 1476 1257 defendi.’

81 1298 97 1327 1
186 1284 259 1324 IV.
306 1284 406 1334 [23]
435 1283 608 1322 Diutius
635 1295 835 1322 accusare
861 1283 955 1322 fata
981 1296 1223 1333 possumus,
1252 1287 1420 1323 mutare
1447 1297 1532 1323 non

129 1363 377 1402 possumus:
412 1354 532 1390 stant
552 1350 660 1389 dura
680 1354 723 1389 et
745 1349 1046 1397 inexorabilia;
1084 1362 1210 1389 nemo
1232 1349 1303 1388 illa
1325 1350 1531 1398 convicio,

129 1431 254 1458 nemo
272 1417 390 1465 fletu,
410 1429 535 1456 nemo
555 1429 683 1455 causa
701 1420 848 1455 movet
860 1429 869 1463 ς
906 1415 1009 1454 nihil
1029 1429 1237 1467 umquam
1257 1416 1329 1455 ulli
1348 1421 1531 1467 parcunt

128 1498 205 1525 nec
222 1485 465 1525 remittunt.
527 1484 710 1524 Proinde
731 1496 960 1534 parcamus
981 1483 1166 1522 lacrimis
1187 1482 1290 1521 nihil
1312 1483 1532 1533 proficien-

129 1552 265 1601 tibus;
313 1552 480 1592 facilius
511 1551 625 1592 enim
658 1565 735 1591 nos
768 1551 914 1590 inferis
946 1549 1068 1589 dolor
1099 1549 1179 1589 iste
1211 1549 1367 1589 adiciet
1400 1562 1531 1600 quam

128 1619 220 1658 illos
240 1619 362 1659 nobis
382 1619 578 1659 reducet:
613 1619 686 1670 qui
707 1618 741 1657 si
762 1631 839 1657 nos
859 1621 1048 1667 torquet,
1071 1629 1156 1654 non
1177 1616 1372 1663 adiuvat,
1394 1616 1531 1666 primo

129 1699 300 1737 quoque
318 1690 511 1736 tempore
531 1685 813 1736 deponendus
835 1688 899 1723 est
921 1688 964 1723 et
987 1682 1042 1722 ab
1060 1682 1260 1721 inanibus
1286 1682 1452 1721 solaciis
1468 1686 1532 1722 at-

129 1766 212 1804 que
226 1766 373 1792 amara
388 1752 578 1804 quadam
597 1752 772 1792 libidine
790 1750 962 1791 dolendi
982 1749 1151 1788 animus
1169 1749 1436 1800 recipiendus
1452 1753 1529 1789 est.

81 1829 99 1858 2
130 1821 242 1861 Nam
274 1821 459 1861 lacrimis
482 1821 640 1861 nostris
664 1821 743 1860 nisi
769 1820 879 1860 ratio
907 1819 1035 1859 finem
1060 1817 1221 1865 fecerit,
1246 1817 1421 1856 fortuna
1446 1829 1532 1855 non

129 1889 270 1928 faciet.
332 1888 483 1929 Omnis
500 1887 683 1939 agedum
706 1887 900 1927 mortalis
924 1885 1215 1935 circumspice,
1234 1883 1350 1933 larga
1372 1882 1531 1933 ubique

129 1955 256 1995 flendi
281 1959 324 1995 et
349 1954 530 1994 adsidua
561 1954 744 1993 materia
767 1957 853 1993 est:
893 1953 1025 1992 alium
1051 1953 1105 1992 ad
1134 1950 1399 1991 cotidianum
1425 1962 1532 1999 opus

129 2020 341 2060 laboriosa
375 2025 541 2071 egestas
563 2024 706 2068 vocat,
729 2020 860 2059 alium
894 2019 1075 2059 ambitio
1110 2029 1349 2068 numquam
1385 2015 1532 2066 quieta

129 2087 346 2135 sollicitat,
380 2087 488 2126 alius
519 2087 710 2134 divitias,
744 2100 851 2137 quas
884 2089 1128 2136 optaverat,
1162 2084 1319 2124 metuit
1352 2086 1395 2123 et
1428 2086 1531 2121 voto

130 2153 298 2193 laborat
327 2167 417 2201 suo,
448 2153 579 2193 alium
609 2153 797 2193 solitudo
827 2156 1015 2203 torquet,
1046 2151 1177 2191 alium
1207 2163 1375 2201 semper
1403 2148 1531 2188 vesti-

130 2220 279 2259 bulum
312 2219 513 2260 obsidons
546 2219 695 2268 turba;
745 2219 812 2258 hic
846 2218 1002 2258 habere
1035 2231 1078 2258 se
1110 2217 1227 2257 dolet
1261 2217 1429 2264 liberos,
1464 2215 1531 2254 hic

130 2286 384 2339 perdidisse:
441 2286 641 2328 lacrimae
681 2285 804 2326 nobis
843 2285 1025 2327 deerunt
1065 2288 1166 2324 ante
1206 2296 1337 2336 quam
1380 2295 1532 2323 causae
