1667 2524
297 132 364 166 AD
399 132 648 167 NERONEM
684 133 749 166 DE
783 133 1075 167 CLEMENTIA
1109 133 1202 166 ΜΒ.
1239 134 1255 166 1
1434 130 1487 171 65

90 256 270 291 ventum
313 256 391 299 est,
436 251 621 291 multum
665 252 883 302 sanguinis
925 252 1117 300 fundere,
1161 252 1368 302 adspectu
1411 265 1487 291 suo

90 322 244 358 terrere
270 331 318 357 ac
344 319 514 368 fugare!
574 317 693 366 Quae
718 318 800 357 alia
826 319 917 357 vita
942 323 1066 366 esset,
1092 319 1125 357 si
1152 318 1292 358 leones
1317 319 1488 369 ursique

89 390 329 435 regnarent,
363 385 397 423 si
432 384 701 434 serpentibus
735 385 777 423 in
811 398 887 424 nos
921 398 969 423 ac
1003 385 1301 424 noxiosissimo
1337 385 1488 435 cuique

89 451 262 490 animali
303 451 479 490 daretur
520 452 745 501 potestas?
805 450 883 489 Illa
926 451 1103 490 rationis
1144 451 1338 502 expertia
1379 456 1422 491 et
1464 464 1488 490 a
1515 464 1535 492 4

89 517 211 557 nobis
252 517 537 557 immanitatis
584 517 757 556 crimine
801 517 1010 557 damnata
1051 517 1273 557 abstinent
1309 518 1409 566 suis,
1445 522 1488 558 et

89 588 186 624 tuta
211 588 274 624 est
301 585 432 624 etiam
459 584 571 623 inter
597 584 707 623 feras
736 583 994 623 similitudo:
1037 583 1190 623 horum
1218 597 1270 624 ne
1297 598 1320 623 a
1348 597 1488 624 neces-

88 651 207 690 sariis
242 651 415 702 quidem
450 651 529 690 sibi
567 650 703 690 rabies
741 656 968 701 temperat,
1005 651 1077 690 sed
1112 656 1291 690 externa
1325 664 1488 702 suaque

88 717 130 755 in
162 730 299 768 aequo
332 717 477 765 habet,
511 730 596 768 quo
630 717 725 767 plus
759 730 801 756 se
834 717 1057 765 exercitat,
1092 730 1135 756 eo
1170 716 1390 756 incitatior.
1451 717 1488 755 A

88 783 350 834 singulorum
384 784 537 824 deinde
574 785 774 824 caedibus
809 785 852 823 in
885 785 1017 824 exitia
1052 785 1245 835 gentium
1280 784 1411 834 serpit
1444 787 1488 823 et

87 849 240 889 inicere
275 851 399 890 tectis
434 851 588 901 ignem,
626 856 819 890 aratrum
856 851 1039 891 vetustis
1074 851 1252 890 urbibus
1288 851 1488 890 inducere

88 917 328 966 potentiam
368 922 517 968 putat;
569 923 611 958 et
652 932 786 958 unum
827 919 961 959 occidi
1003 919 1147 959 iubere
1187 924 1263 958 aut
1304 918 1487 958 alterum

88 995 240 1033 parum
278 983 602 1034 imperatorium
643 985 796 1033 credit;
851 986 929 1025 nisi
967 986 1117 1025 eodem
1157 990 1348 1036 tempore
1386 997 1488 1034 grex

88 1049 338 1089 miserorum
364 1050 443 1089 sub
469 1051 557 1090 ictu
584 1052 720 1099 stetit,
751 1052 1049 1092 crudelitatem
1076 1065 1198 1092 suam
1225 1052 1267 1090 in
1294 1051 1487 1090 ordinem

90 1120 283 1155 coactam
312 1121 454 1167 putat.
517 1117 716 1157 Felicitas
745 1118 815 1157 illa
844 1118 991 1158 multis
1020 1118 1203 1158 salutem
1231 1118 1333 1158 dare
1361 1122 1403 1157 et
1432 1116 1486 1156 ad
1514 1127 1533 1156 5

89 1182 225 1221 vitam
246 1182 299 1221 ab
320 1183 411 1233 ipsa
432 1189 569 1223 morte
591 1198 789 1224 revocare
809 1190 850 1224 et
872 1185 1022 1224 mereri
1045 1185 1270 1224 clementia
1292 1184 1485 1223 civicam.

90 1248 265 1288 Nullum
292 1256 595 1290 ornamentum
624 1251 827 1301 principis
854 1251 1026 1301 fastigio
1053 1251 1222 1301 dignius
1250 1250 1487 1301 pulchrius—

89 1328 171 1365 que
199 1320 263 1355 est
292 1329 423 1366 quam
452 1316 522 1355 illa
553 1330 707 1356 corona
736 1317 790 1356 ob
821 1318 933 1357 cives
961 1323 1168 1365 servatos,
1199 1330 1284 1356 non
1314 1316 1486 1356 hostilia

89 1394 208 1420 arma
243 1382 440 1422 detracta
477 1383 616 1430 victis,
654 1396 739 1422 non
777 1396 923 1422 currus
959 1383 1241 1422 barbarorum
1278 1383 1486 1433 sanguine

91 1448 268 1495 cruenti,
302 1462 387 1487 non
427 1451 552 1498 parta
583 1448 692 1488 bello
733 1449 881 1499 spolia.
944 1449 1061 1489 Haec
1101 1449 1249 1489 divina
1290 1449 1486 1499 potentia

88 1518 152 1553 est
178 1514 385 1564 gregatim
411 1527 460 1553 ac
485 1514 653 1564 publice
678 1528 867 1563 servare;
909 1515 1068 1566 multos
1094 1515 1269 1566 quidem
1294 1515 1486 1555 occidere

89 1584 131 1620 et
153 1580 404 1620 indiscretos
425 1581 593 1620 incendi
615 1593 663 1620 ac
686 1581 832 1621 ruinae
854 1582 1051 1632 potentia
1072 1586 1150 1621 est.
