<?xml version="1.0" encoding="UTF-8"?>
<!DOCTYPE html PUBLIC "-//W3C//DTD XHTML 1.0 Transitional//EN"
    "http://www.w3.org/TR/xhtml1/DTD/xhtml1-transitional.dtd">
<html xmlns="http://www.w3.org/1999/xhtml" xml:lang="en" lang="en">
 <head>
  <title>
</title>
<meta http-equiv="Content-Type" content="text/html;charset=utf-8" />
  <meta name='ocr-system' content='tesseract 3.04.00' />
  <meta name='ocr-capabilities' content='ocr_page ocr_carea ocr_par ocr_line ocrx_word'/>
</head>
<body>
  <div class='ocr_page' id='page_1' title='image "./selectedessayssa00seneuoft_0140.png"; bbox 0 0 1667 2524; ppageno 0'>
   <div class='ocr_carea' id='block_1_1' title="bbox 68 995 104 1024">
    <p class='ocr_par' dir='ltr' id='par_1_1' title="bbox 68 995 104 1024">
     <span class='ocr_line' id='line_1_1' title="bbox 68 995 104 1024; baseline 0.028 -1"><span class='ocrx_word' id='word_1_1' title='bbox 68 995 104 1024; x_wconf 91' lang='lat'>15</span> 
     </span>
    </p>
   </div>
   <div class='ocr_carea' id='block_1_2' title="bbox 67 1392 104 1420">
    <p class='ocr_par' dir='ltr' id='par_1_2' title="bbox 67 1392 104 1420">
     <span class='ocr_line' id='line_1_2' title="bbox 67 1392 104 1420; baseline 0 0"><span class='ocrx_word' id='word_1_2' title='bbox 67 1392 104 1420; x_wconf 89' lang='grc'>16</span> 
     </span>
    </p>
   </div>
   <div class='ocr_carea' id='block_1_3' title="bbox 70 1926 107 1956">
    <p class='ocr_par' dir='ltr' id='par_1_3' title="bbox 70 1926 107 1956">
     <span class='ocr_line' id='line_1_3' title="bbox 70 1926 107 1956; baseline 0.027 -1"><span class='ocrx_word' id='word_1_3' title='bbox 70 1926 107 1956; x_wconf 81' lang='grc'>17</span> 
     </span>
    </p>
   </div>
   <div class='ocr_carea' id='block_1_4' title="bbox 137 130 1106 172">
    <p class='ocr_par' dir='ltr' id='par_1_4' title="bbox 137 130 1106 172">
     <span class='ocr_line' id='line_1_4' title="bbox 137 130 1106 172; baseline -0.006 -2"><span class='ocrx_word' id='word_1_4' title='bbox 137 130 217 172; x_wconf 91' lang='grc'>100</span> <span class='ocrx_word' id='word_1_5' title='bbox 576 134 616 167; x_wconf 88' lang='lat' dir='ltr'>L.</span> <span class='ocrx_word' id='word_1_6' title='bbox 652 134 846 166; x_wconf 80' lang='lat' dir='ltr'>ANNAEI</span> <span class='ocrx_word' id='word_1_7' title='bbox 880 133 1106 166; x_wconf 78' lang='lat' dir='ltr'>SENECAE</span> 
     </span>
    </p>
   </div>
   <div class='ocr_carea' id='block_1_5' title="bbox 188 251 1423 569">
    <p class='ocr_par' dir='ltr' id='par_1_5' title="bbox 189 251 1400 436">
     <span class='ocr_line' id='line_1_5' title="bbox 189 251 1400 305; baseline 0.001 -13"><span class='ocrx_word' id='word_1_8' title='bbox 189 255 198 272; x_wconf 85' lang='lat'><em>‘</em></span> <span class='ocrx_word' id='word_1_9' title='bbox 215 253 311 292; x_wconf 90' lang='lat' dir='ltr'>Non</span> <span class='ocrx_word' id='word_1_10' title='bbox 333 265 465 305; x_wconf 88' lang='lat' dir='ltr'>quare</span> <span class='ocrx_word' id='word_1_11' title='bbox 486 257 529 292; x_wconf 91' lang='lat' dir='ltr'>et</span> <span class='ocrx_word' id='word_1_12' title='bbox 552 252 678 300; x_wconf 86' lang='lat' dir='ltr'>unde,</span> <span class='ocrx_word' id='word_1_13' title='bbox 702 251 805 304; x_wconf 90' lang='lat' dir='ltr'>quid</span> <span class='ocrx_word' id='word_1_14' title='bbox 826 252 998 300; x_wconf 78' lang='lat' dir='ltr'>habeas,</span> <span class='ocrx_word' id='word_1_15' title='bbox 1022 257 1196 292; x_wconf 84' lang='lat' dir='ltr'>tantum</span> <span class='ocrx_word' id='word_1_16' title='bbox 1219 255 1400 303; x_wconf 54' lang='lat' dir='ltr'>rogant?</span> 
     </span>
     <span class='ocr_line' id='line_1_6' title="bbox 189 318 1291 371; baseline -0.001 -12"><span class='ocrx_word' id='word_1_17' title='bbox 189 319 381 371; x_wconf 90' lang='lat' dir='ltr'>‘Ubique</span> <span class='ocrx_word' id='word_1_18' title='bbox 403 319 517 358; x_wconf 87' lang='lat' dir='ltr'>tanti</span> <span class='ocrx_word' id='word_1_19' title='bbox 539 318 732 370; x_wconf 78' lang='lat' dir='ltr'>quisque,</span> <span class='ocrx_word' id='word_1_20' title='bbox 756 324 969 370; x_wconf 83' lang='lat' dir='ltr'>quantum</span> <span class='ocrx_word' id='word_1_21' title='bbox 991 318 1155 367; x_wconf 84' lang='lat' dir='ltr'>habuit,</span> <span class='ocrx_word' id='word_1_22' title='bbox 1178 319 1291 358; x_wconf 58' lang='lat' dir='ltr'>fuit!</span> 
     </span>
     <span class='ocr_line' id='line_1_7' title="bbox 189 384 1278 436; baseline 0 -11"><span class='ocrx_word' id='word_1_23' title='bbox 189 385 326 434; x_wconf 82' lang='lat' dir='ltr'>‘Quid</span> <span class='ocrx_word' id='word_1_24' title='bbox 347 385 503 425; x_wconf 87' lang='lat' dir='ltr'>habere</span> <span class='ocrx_word' id='word_1_25' title='bbox 525 384 648 424; x_wconf 88' lang='lat' dir='ltr'>nobis</span> <span class='ocrx_word' id='word_1_26' title='bbox 670 389 796 435; x_wconf 88' lang='lat' dir='ltr'>turpe</span> <span class='ocrx_word' id='word_1_27' title='bbox 818 384 871 424; x_wconf 89' lang='lat' dir='ltr'>sit</span> <span class='ocrx_word' id='word_1_28' title='bbox 894 385 1093 436; x_wconf 83' lang='lat' dir='ltr'>quaeris?</span> <span class='ocrx_word' id='word_1_29' title='bbox 1133 385 1278 425; x_wconf 89' lang='lat' dir='ltr'>Nihil.&#39;</span> 
     </span>
    </p>

    <p class='ocr_par' dir='ltr' id='par_1_6' title="bbox 188 450 1174 502">
     <span class='ocr_line' id='line_1_8' title="bbox 188 450 1174 502; baseline -0.003 -10"><span class='ocrx_word' id='word_1_30' title='bbox 188 452 300 492; x_wconf 85' lang='lat' dir='ltr'>‘Aut</span> <span class='ocrx_word' id='word_1_31' title='bbox 323 451 442 491; x_wconf 88' lang='lat' dir='ltr'>dives</span> <span class='ocrx_word' id='word_1_32' title='bbox 465 455 568 502; x_wconf 91' lang='lat' dir='ltr'>opto</span> <span class='ocrx_word' id='word_1_33' title='bbox 589 451 734 490; x_wconf 87' lang='lat' dir='ltr'>vivere</span> <span class='ocrx_word' id='word_1_34' title='bbox 757 455 832 490; x_wconf 87' lang='lat' dir='ltr'>aut</span> <span class='ocrx_word' id='word_1_35' title='bbox 856 464 1017 501; x_wconf 87' lang='lat' dir='ltr'>pauper</span> <span class='ocrx_word' id='word_1_36' title='bbox 1039 450 1174 490; x_wconf 89' lang='lat' dir='ltr'>mori.’</span> 
     </span>
    </p>

    <p class='ocr_par' dir='ltr' id='par_1_7' title="bbox 188 516 1423 569">
     <span class='ocr_line' id='line_1_9' title="bbox 188 516 1423 569; baseline 0 -11"><span class='ocrx_word' id='word_1_37' title='bbox 188 521 197 539; x_wconf 89' lang='lat'>‘</span> <span class='ocrx_word' id='word_1_38' title='bbox 213 519 327 558; x_wconf 89' lang='lat' dir='ltr'>Bene</span> <span class='ocrx_word' id='word_1_39' title='bbox 349 517 542 565; x_wconf 84' lang='lat' dir='ltr'>moritur,</span> <span class='ocrx_word' id='word_1_40' title='bbox 566 517 757 569; x_wconf 89' lang='lat' dir='ltr'>quisquis</span> <span class='ocrx_word' id='word_1_41' title='bbox 779 517 961 556; x_wconf 91' lang='lat' dir='ltr'>moritur</span> <span class='ocrx_word' id='word_1_42' title='bbox 979 516 1082 556; x_wconf 91' lang='lat' dir='ltr'>dum</span> <span class='ocrx_word' id='word_1_43' title='bbox 1105 517 1269 557; x_wconf 88' lang='lat' dir='ltr'>lucrum</span> <span class='ocrx_word' id='word_1_44' title='bbox 1289 517 1423 558; x_wconf 83' lang='lat' dir='ltr'>facit.’</span> 
     </span>
    </p>
   </div>
   <div class='ocr_carea' id='block_1_6' title="bbox 186 612 1442 930">
    <p class='ocr_par' dir='ltr' id='par_1_8' title="bbox 187 612 1166 664">
     <span class='ocr_line' id='line_1_10' title="bbox 187 612 1166 664; baseline -0.003 -10"><span class='ocrx_word' id='word_1_45' title='bbox 187 616 197 634; x_wconf 85' lang='lat'>‘</span> <span class='ocrx_word' id='word_1_46' title='bbox 213 613 411 662; x_wconf 81' lang='lat' dir='ltr'>Pecunia,</span> <span class='ocrx_word' id='word_1_47' title='bbox 435 613 583 664; x_wconf 85' lang='lat' dir='ltr'>ingens</span> <span class='ocrx_word' id='word_1_48' title='bbox 604 612 768 663; x_wconf 82' lang='lat' dir='ltr'>generis</span> <span class='ocrx_word' id='word_1_49' title='bbox 790 612 968 652; x_wconf 88' lang='lat' dir='ltr'>humani</span> <span class='ocrx_word' id='word_1_50' title='bbox 990 612 1166 661; x_wconf 86' lang='lat' dir='ltr'>bonum,</span> 
     </span>
    </p>

    <p class='ocr_par' dir='ltr' id='par_1_9' title="bbox 187 679 1224 730">
     <span class='ocr_line' id='line_1_11' title="bbox 187 679 1224 730; baseline -0.001 -10"><span class='ocrx_word' id='word_1_51' title='bbox 187 680 252 721; x_wconf 89' lang='lat' dir='ltr'>eui</span> <span class='ocrx_word' id='word_1_52' title='bbox 274 694 360 720; x_wconf 91' lang='lat' dir='ltr'>non</span> <span class='ocrx_word' id='word_1_53' title='bbox 381 679 582 730; x_wconf 86' lang='lat' dir='ltr'>voluptas</span> <span class='ocrx_word' id='word_1_54' title='bbox 605 679 756 719; x_wconf 88' lang='lat' dir='ltr'>matris</span> <span class='ocrx_word' id='word_1_55' title='bbox 779 683 853 719; x_wconf 90' lang='lat' dir='ltr'>aut</span> <span class='ocrx_word' id='word_1_56' title='bbox 876 679 1059 719; x_wconf 78' lang='lat' dir='ltr'>blandae</span> <span class='ocrx_word' id='word_1_57' title='bbox 1081 683 1224 730; x_wconf 87' lang='lat' dir='ltr'>potest</span> 
     </span>
    </p>

    <p class='ocr_par' dir='ltr' id='par_1_10' title="bbox 186 745 1163 798">
     <span class='ocr_line' id='line_1_12' title="bbox 186 745 1163 798; baseline -0.003 -11"><span class='ocrx_word' id='word_1_58' title='bbox 186 760 263 798; x_wconf 89' lang='lat' dir='ltr'>par</span> <span class='ocrx_word' id='word_1_59' title='bbox 284 760 373 787; x_wconf 89' lang='lat' dir='ltr'>esse</span> <span class='ocrx_word' id='word_1_60' title='bbox 396 746 537 798; x_wconf 88' lang='lat' dir='ltr'>prolis,</span> <span class='ocrx_word' id='word_1_61' title='bbox 561 759 647 785; x_wconf 90' lang='lat' dir='ltr'>non</span> <span class='ocrx_word' id='word_1_62' title='bbox 668 758 785 785; x_wconf 88' lang='lat' dir='ltr'>sacer</span> <span class='ocrx_word' id='word_1_63' title='bbox 807 745 968 785; x_wconf 87' lang='lat' dir='ltr'>meritis</span> <span class='ocrx_word' id='word_1_64' title='bbox 990 758 1163 797; x_wconf 87' lang='lat' dir='ltr'>parens:</span> 
     </span>
    </p>

    <p class='ocr_par' dir='ltr' id='par_1_11' title="bbox 186 811 1176 864">
     <span class='ocr_line' id='line_1_13' title="bbox 186 811 1176 864; baseline -0.002 -11"><span class='ocrx_word' id='word_1_65' title='bbox 186 818 278 853; x_wconf 89' lang='lat' dir='ltr'>tam</span> <span class='ocrx_word' id='word_1_66' title='bbox 301 813 421 853; x_wconf 82' lang='lat' dir='ltr'>dulce</span> <span class='ocrx_word' id='word_1_67' title='bbox 444 812 479 851; x_wconf 83' lang='lat' dir='ltr'>si</span> <span class='ocrx_word' id='word_1_68' title='bbox 502 812 603 864; x_wconf 90' lang='lat' dir='ltr'>quid</span> <span class='ocrx_word' id='word_1_69' title='bbox 625 811 799 851; x_wconf 88' lang='lat' dir='ltr'>Veneris</span> <span class='ocrx_word' id='word_1_70' title='bbox 822 811 864 850; x_wconf 89' lang='lat' dir='ltr'>in</span> <span class='ocrx_word' id='word_1_71' title='bbox 884 812 1011 852; x_wconf 79' lang='lat' dir='ltr'>vultu</span> <span class='ocrx_word' id='word_1_72' title='bbox 1032 812 1176 861; x_wconf 89' lang='lat' dir='ltr'>micat,</span> 
     </span>
    </p>

    <p class='ocr_par' dir='ltr' id='par_1_12' title="bbox 188 878 1442 930">
     <span class='ocr_line' id='line_1_14' title="bbox 188 878 1442 930; baseline 0.002 -12"><span class='ocrx_word' id='word_1_73' title='bbox 188 879 342 920; x_wconf 89' lang='lat' dir='ltr'>merito</span> <span class='ocrx_word' id='word_1_74' title='bbox 363 879 434 918; x_wconf 89' lang='lat' dir='ltr'>illa</span> <span class='ocrx_word' id='word_1_75' title='bbox 457 891 622 918; x_wconf 89' lang='lat' dir='ltr'>amores</span> <span class='ocrx_word' id='word_1_76' title='bbox 644 878 846 918; x_wconf 85' lang='lat' dir='ltr'>caelitum</span> <span class='ocrx_word' id='word_1_77' title='bbox 869 882 999 930; x_wconf 88' lang='lat' dir='ltr'>atque</span> <span class='ocrx_word' id='word_1_78' title='bbox 1021 878 1245 919; x_wconf 85' lang='lat' dir='ltr'>hominum</span> <span class='ocrx_word' id='word_1_79' title='bbox 1266 880 1442 920; x_wconf 62' lang='lat' dir='ltr'>movet)</span> 
     </span>
    </p>
   </div>
   <div class='ocr_carea' id='block_1_7' title="bbox 129 977 1534 2359">
    <p class='ocr_par' dir='ltr' id='par_1_13' title="bbox 129 977 1534 2359">
     <span class='ocr_line' id='line_1_15' title="bbox 129 977 1530 1030; baseline -0.001 -10"><span class='ocrx_word' id='word_1_80' title='bbox 129 981 237 1021; x_wconf 90' lang='lat' dir='ltr'>Cum</span> <span class='ocrx_word' id='word_1_81' title='bbox 268 979 310 1019; x_wconf 91' lang='lat' dir='ltr'>hi</span> <span class='ocrx_word' id='word_1_82' title='bbox 341 978 562 1019; x_wconf 87' lang='lat' dir='ltr'>novissimi</span> <span class='ocrx_word' id='word_1_83' title='bbox 592 991 740 1019; x_wconf 87' lang='lat' dir='ltr'>versus</span> <span class='ocrx_word' id='word_1_84' title='bbox 769 978 813 1018; x_wconf 91' lang='lat' dir='ltr'>in</span> <span class='ocrx_word' id='word_1_85' title='bbox 843 978 1064 1029; x_wconf 79' lang='lat' dir='ltr'>tragoedia</span> <span class='ocrx_word' id='word_1_86' title='bbox 1095 977 1312 1029; x_wconf 83' lang='lat' dir='ltr'>Euripidis</span> <span class='ocrx_word' id='word_1_87' title='bbox 1342 992 1530 1030; x_wconf 86' lang='lat' dir='ltr'>pronun-</span> 
     </span>
     <span class='ocr_line' id='line_1_16' title="bbox 130 1045 1529 1096; baseline -0.001 -9"><span class='ocrx_word' id='word_1_88' title='bbox 130 1047 228 1087; x_wconf 88' lang='lat' dir='ltr'>tiati</span> <span class='ocrx_word' id='word_1_89' title='bbox 261 1050 417 1095; x_wconf 80' lang='lat' dir='ltr'>essent,</span> <span class='ocrx_word' id='word_1_90' title='bbox 452 1050 572 1085; x_wconf 88' lang='lat' dir='ltr'>totus</span> <span class='ocrx_word' id='word_1_91' title='bbox 605 1045 790 1096; x_wconf 90' lang='lat' dir='ltr'>populus</span> <span class='ocrx_word' id='word_1_92' title='bbox 825 1045 878 1085; x_wconf 91' lang='lat' dir='ltr'>ad</span> <span class='ocrx_word' id='word_1_93' title='bbox 913 1045 1152 1085; x_wconf 90' lang='lat' dir='ltr'>eiciendum</span> <span class='ocrx_word' id='word_1_94' title='bbox 1185 1049 1228 1086; x_wconf 91' lang='lat' dir='ltr'>et</span> <span class='ocrx_word' id='word_1_95' title='bbox 1264 1049 1452 1086; x_wconf 85' lang='lat' dir='ltr'>actorem</span> <span class='ocrx_word' id='word_1_96' title='bbox 1486 1050 1529 1086; x_wconf 87' lang='lat' dir='ltr'>et</span> 
     </span>
     <span class='ocr_line' id='line_1_17' title="bbox 131 1111 1530 1162; baseline -0.001 -9"><span class='ocrx_word' id='word_1_97' title='bbox 131 1126 302 1154; x_wconf 89' lang='lat' dir='ltr'>carmen</span> <span class='ocrx_word' id='word_1_98' title='bbox 351 1112 616 1152; x_wconf 75' lang='lat' dir='ltr'>consurrexit</span> <span class='ocrx_word' id='word_1_99' title='bbox 665 1124 752 1151; x_wconf 90' lang='lat' dir='ltr'>uno</span> <span class='ocrx_word' id='word_1_100' title='bbox 799 1111 980 1161; x_wconf 86' lang='lat' dir='ltr'>impetu,</span> <span class='ocrx_word' id='word_1_101' title='bbox 1029 1112 1163 1151; x_wconf 91' lang='lat' dir='ltr'>donec</span> <span class='ocrx_word' id='word_1_102' title='bbox 1213 1111 1439 1162; x_wconf 84' lang='lat' dir='ltr'>Euripides</span> <span class='ocrx_word' id='word_1_103' title='bbox 1486 1112 1530 1151; x_wconf 91' lang='lat' dir='ltr'>in</span> 
     </span>
     <span class='ocr_line' id='line_1_18' title="bbox 132 1178 1531 1229; baseline -0.001 -9"><span class='ocrx_word' id='word_1_104' title='bbox 132 1180 320 1220; x_wconf 90' lang='lat' dir='ltr'>medium</span> <span class='ocrx_word' id='word_1_105' title='bbox 350 1179 439 1229; x_wconf 89' lang='lat' dir='ltr'>ipse</span> <span class='ocrx_word' id='word_1_106' title='bbox 470 1178 680 1229; x_wconf 82' lang='lat' dir='ltr'>prosilivit</span> <span class='ocrx_word' id='word_1_107' title='bbox 712 1182 876 1228; x_wconf 88' lang='lat' dir='ltr'>petens,</span> <span class='ocrx_word' id='word_1_108' title='bbox 907 1182 955 1217; x_wconf 87' lang='lat' dir='ltr'>ut</span> <span class='ocrx_word' id='word_1_109' title='bbox 985 1182 1286 1228; x_wconf 72' lang='lat' dir='ltr'>exspectarent</span> <span class='ocrx_word' id='word_1_110' title='bbox 1317 1178 1531 1219; x_wconf 79' lang='lat' dir='ltr'>viderent-</span> 
     </span>
     <span class='ocr_line' id='line_1_19' title="bbox 132 1244 1531 1298; baseline -0.001 -12"><span class='ocrx_word' id='word_1_111' title='bbox 132 1260 229 1298; x_wconf 84' lang='lat' dir='ltr'>que,</span> <span class='ocrx_word' id='word_1_112' title='bbox 252 1259 380 1297; x_wconf 88' lang='lat' dir='ltr'>quem</span> <span class='ocrx_word' id='word_1_113' title='bbox 403 1245 640 1285; x_wconf 79' lang='lat' dir='ltr'>admirator</span> <span class='ocrx_word' id='word_1_114' title='bbox 661 1244 752 1284; x_wconf 91' lang='lat' dir='ltr'>auri</span> <span class='ocrx_word' id='word_1_115' title='bbox 778 1244 944 1284; x_wconf 88' lang='lat' dir='ltr'>exitum</span> <span class='ocrx_word' id='word_1_116' title='bbox 975 1244 1147 1284; x_wconf 83' lang='lat' dir='ltr'>faceret.</span> <span class='ocrx_word' id='word_1_117' title='bbox 1211 1244 1355 1284; x_wconf 88' lang='lat' dir='ltr'>Dabat</span> <span class='ocrx_word' id='word_1_118' title='bbox 1386 1245 1430 1284; x_wconf 93' lang='lat' dir='ltr'>in</span> <span class='ocrx_word' id='word_1_119' title='bbox 1459 1245 1531 1284; x_wconf 89' lang='lat' dir='ltr'>illa</span> 
     </span>
     <span class='ocr_line' id='line_1_20' title="bbox 131 1310 1529 1363; baseline -0.001 -10"><span class='ocrx_word' id='word_1_120' title='bbox 131 1312 278 1353; x_wconf 86' lang='lat' dir='ltr'>fabula</span> <span class='ocrx_word' id='word_1_121' title='bbox 310 1325 469 1363; x_wconf 91' lang='lat' dir='ltr'>poenas</span> <span class='ocrx_word' id='word_1_122' title='bbox 503 1310 868 1361; x_wconf 82' lang='lat' dir='ltr'>Bellerophontes,</span> <span class='ocrx_word' id='word_1_123' title='bbox 903 1323 1010 1361; x_wconf 89' lang='lat' dir='ltr'>quas</span> <span class='ocrx_word' id='word_1_124' title='bbox 1042 1310 1085 1349; x_wconf 94' lang='lat' dir='ltr'>in</span> <span class='ocrx_word' id='word_1_125' title='bbox 1117 1323 1195 1350; x_wconf 87' lang='lat' dir='ltr'>sua</span> <span class='ocrx_word' id='word_1_126' title='bbox 1227 1311 1407 1362; x_wconf 88' lang='lat' dir='ltr'>quisque</span> <span class='ocrx_word' id='word_1_127' title='bbox 1438 1311 1529 1351; x_wconf 84' lang='lat' dir='ltr'>dat.</span> 
     </span>
     <span class='ocr_line' id='line_1_21' title="bbox 132 1376 1532 1428; baseline -0.002 -9"><span class='ocrx_word' id='word_1_128' title='bbox 132 1379 260 1419; x_wconf 89' lang='lat' dir='ltr'>Nulla</span> <span class='ocrx_word' id='word_1_129' title='bbox 282 1378 396 1418; x_wconf 92' lang='lat' dir='ltr'>enim</span> <span class='ocrx_word' id='word_1_130' title='bbox 422 1377 606 1418; x_wconf 85' lang='lat' dir='ltr'>avaritia</span> <span class='ocrx_word' id='word_1_131' title='bbox 629 1377 718 1417; x_wconf 91' lang='lat' dir='ltr'>sine</span> <span class='ocrx_word' id='word_1_132' title='bbox 742 1390 881 1427; x_wconf 91' lang='lat' dir='ltr'>poena</span> <span class='ocrx_word' id='word_1_133' title='bbox 904 1382 983 1425; x_wconf 87' lang='lat' dir='ltr'>est,</span> <span class='ocrx_word' id='word_1_134' title='bbox 1009 1376 1209 1427; x_wconf 76' lang='lat' dir='ltr'>quamvis</span> <span class='ocrx_word' id='word_1_135' title='bbox 1232 1377 1337 1416; x_wconf 82' lang='lat' dir='ltr'>satis</span> <span class='ocrx_word' id='word_1_136' title='bbox 1360 1377 1414 1417; x_wconf 84' lang='lat' dir='ltr'>sit</span> <span class='ocrx_word' id='word_1_137' title='bbox 1438 1377 1532 1428; x_wconf 87' lang='lat' dir='ltr'>ipsa</span> 
     </span>
     <span class='ocr_line' id='line_1_22' title="bbox 131 1443 1531 1496; baseline -0.002 -11"><span class='ocrx_word' id='word_1_138' title='bbox 131 1458 380 1496; x_wconf 89' lang='lat' dir='ltr'>poenarum.</span> <span class='ocrx_word' id='word_1_139' title='bbox 442 1444 478 1484; x_wconf 89' lang='lat' dir='ltr'>O</span> <span class='ocrx_word' id='word_1_140' title='bbox 513 1448 727 1495; x_wconf 90' lang='lat' dir='ltr'>quantum</span> <span class='ocrx_word' id='word_1_141' title='bbox 762 1443 1050 1492; x_wconf 83' lang='lat' dir='ltr'>lacrimarum,</span> <span class='ocrx_word' id='word_1_142' title='bbox 1086 1448 1300 1494; x_wconf 89' lang='lat' dir='ltr'>quantum</span> <span class='ocrx_word' id='word_1_143' title='bbox 1336 1443 1531 1483; x_wconf 89' lang='lat' dir='ltr'>laborum</span> 
     </span>
     <span class='ocr_line' id='line_1_23' title="bbox 130 1509 1533 1562; baseline -0.002 -10"><span class='ocrx_word' id='word_1_144' title='bbox 130 1512 286 1562; x_wconf 78' lang='lat' dir='ltr'>exigit!</span> <span class='ocrx_word' id='word_1_145' title='bbox 331 1511 470 1560; x_wconf 81' lang='lat' dir='ltr'>Quam</span> <span class='ocrx_word' id='word_1_146' title='bbox 500 1510 653 1550; x_wconf 90' lang='lat' dir='ltr'>misera</span> <span class='ocrx_word' id='word_1_147' title='bbox 679 1510 894 1550; x_wconf 85' lang='lat' dir='ltr'>desiderat</span> <span class='ocrx_word' id='word_1_148' title='bbox 923 1523 1026 1557; x_wconf 84' lang='lat' dir='ltr'>esse,</span> <span class='ocrx_word' id='word_1_149' title='bbox 1050 1522 1181 1560; x_wconf 88' lang='lat' dir='ltr'>quam</span> <span class='ocrx_word' id='word_1_150' title='bbox 1208 1509 1361 1549; x_wconf 88' lang='lat' dir='ltr'>misera</span> <span class='ocrx_word' id='word_1_151' title='bbox 1388 1524 1410 1550; x_wconf 93' lang='lat' dir='ltr'>e</span> <span class='ocrx_word' id='word_1_152' title='bbox 1438 1523 1533 1560; x_wconf 89' lang='lat' dir='ltr'>par-</span> 
     </span>
     <span class='ocr_line' id='line_1_24' title="bbox 131 1576 1532 1627; baseline -0.002 -8"><span class='ocrx_word' id='word_1_153' title='bbox 131 1579 187 1619; x_wconf 87' lang='lat' dir='ltr'>tis</span> <span class='ocrx_word' id='word_1_154' title='bbox 216 1580 305 1618; x_wconf 81' lang='lat' dir='ltr'>est!</span> <span class='ocrx_word' id='word_1_155' title='bbox 356 1577 487 1618; x_wconf 80' lang='lat' dir='ltr'>Adice</span> <span class='ocrx_word' id='word_1_156' title='bbox 523 1577 762 1617; x_wconf 89' lang='lat' dir='ltr'>cotidianas</span> <span class='ocrx_word' id='word_1_157' title='bbox 798 1576 1122 1624; x_wconf 77' lang='lat' dir='ltr'>sollicitudines,</span> <span class='ocrx_word' id='word_1_158' title='bbox 1155 1589 1265 1627; x_wconf 83' lang='lat' dir='ltr'>quae</span> <span class='ocrx_word' id='word_1_159' title='bbox 1296 1589 1372 1626; x_wconf 90' lang='lat' dir='ltr'>pro</span> <span class='ocrx_word' id='word_1_160' title='bbox 1405 1577 1532 1616; x_wconf 91' lang='lat' dir='ltr'>modo</span> 
     </span>
     <span class='ocr_line' id='line_1_25' title="bbox 131 1642 1533 1695; baseline -0.001 -12"><span class='ocrx_word' id='word_1_161' title='bbox 131 1644 317 1685; x_wconf 89' lang='lat' dir='ltr'>habendi</span> <span class='ocrx_word' id='word_1_162' title='bbox 344 1657 559 1695; x_wconf 89' lang='lat' dir='ltr'>quemque</span> <span class='ocrx_word' id='word_1_163' title='bbox 585 1643 859 1683; x_wconf 84' lang='lat' dir='ltr'>discruciant.</span> <span class='ocrx_word' id='word_1_164' title='bbox 922 1642 1081 1682; x_wconf 86' lang='lat' dir='ltr'>Maiore</span> <span class='ocrx_word' id='word_1_165' title='bbox 1107 1646 1325 1682; x_wconf 87' lang='lat' dir='ltr'>tormento</span> <span class='ocrx_word' id='word_1_166' title='bbox 1351 1642 1533 1692; x_wconf 87' lang='lat' dir='ltr'>pecunia</span> 
     </span>
     <span class='ocr_line' id='line_1_26' title="bbox 132 1708 1534 1762; baseline -0.002 -11"><span class='ocrx_word' id='word_1_167' title='bbox 132 1711 376 1762; x_wconf 91' lang='lat' dir='ltr'>possidetur</span> <span class='ocrx_word' id='word_1_168' title='bbox 407 1722 538 1762; x_wconf 89' lang='lat' dir='ltr'>quam</span> <span class='ocrx_word' id='word_1_169' title='bbox 572 1711 805 1761; x_wconf 85' lang='lat' dir='ltr'>quaeritur.</span> <span class='ocrx_word' id='word_1_170' title='bbox 868 1710 1091 1759; x_wconf 85' lang='lat' dir='ltr'>Quantum</span> <span class='ocrx_word' id='word_1_171' title='bbox 1124 1708 1294 1748; x_wconf 88' lang='lat' dir='ltr'>damnis</span> <span class='ocrx_word' id='word_1_172' title='bbox 1327 1708 1534 1758; x_wconf 79' lang='lat' dir='ltr'>ingemes-</span> 
     </span>
     <span class='ocr_line' id='line_1_27' title="bbox 133 1774 1534 1828; baseline -0.004 -10"><span class='ocrx_word' id='word_1_173' title='bbox 133 1782 250 1827; x_wconf 87' lang='lat' dir='ltr'>cunt,</span> <span class='ocrx_word' id='word_1_174' title='bbox 274 1790 384 1828; x_wconf 87' lang='lat' dir='ltr'>quae</span> <span class='ocrx_word' id='word_1_175' title='bbox 405 1782 447 1817; x_wconf 88' lang='lat' dir='ltr'>et</span> <span class='ocrx_word' id='word_1_176' title='bbox 472 1790 628 1827; x_wconf 84' lang='lat' dir='ltr'>magna</span> <span class='ocrx_word' id='word_1_177' title='bbox 649 1777 845 1817; x_wconf 85' lang='lat' dir='ltr'>incidunt</span> <span class='ocrx_word' id='word_1_178' title='bbox 867 1780 910 1816; x_wconf 83' lang='lat' dir='ltr'>et</span> <span class='ocrx_word' id='word_1_179' title='bbox 933 1776 1138 1816; x_wconf 88' lang='lat' dir='ltr'>videntur</span> <span class='ocrx_word' id='word_1_180' title='bbox 1159 1774 1345 1814; x_wconf 89' lang='lat' dir='ltr'>maiora!</span> <span class='ocrx_word' id='word_1_181' title='bbox 1405 1774 1534 1814; x_wconf 88' lang='lat' dir='ltr'>Deni-</span> 
     </span>
     <span class='ocr_line' id='line_1_28' title="bbox 133 1840 1532 1896; baseline -0.004 -12"><span class='ocrx_word' id='word_1_182' title='bbox 133 1858 215 1896; x_wconf 88' lang='lat' dir='ltr'>que</span> <span class='ocrx_word' id='word_1_183' title='bbox 232 1849 280 1884; x_wconf 87' lang='lat' dir='ltr'>ut</span> <span class='ocrx_word' id='word_1_184' title='bbox 298 1844 377 1883; x_wconf 92' lang='lat' dir='ltr'>illis</span> <span class='ocrx_word' id='word_1_185' title='bbox 394 1844 569 1883; x_wconf 85' lang='lat' dir='ltr'>fortuna</span> <span class='ocrx_word' id='word_1_186' title='bbox 587 1843 690 1882; x_wconf 90' lang='lat' dir='ltr'>nihil</span> <span class='ocrx_word' id='word_1_187' title='bbox 707 1842 924 1891; x_wconf 84' lang='lat' dir='ltr'>detrahat,</span> <span class='ocrx_word' id='word_1_188' title='bbox 943 1841 1153 1893; x_wconf 89' lang='lat' dir='ltr'>quidquid</span> <span class='ocrx_word' id='word_1_189' title='bbox 1173 1854 1258 1880; x_wconf 94' lang='lat' dir='ltr'>non</span> <span class='ocrx_word' id='word_1_190' title='bbox 1276 1840 1532 1891; x_wconf 87' lang='lat' dir='ltr'>adquiritur,</span> 
     </span>
     <span class='ocr_line' id='line_1_29' title="bbox 132 1907 1534 1952; baseline -0.004 -1"><span class='ocrx_word' id='word_1_191' title='bbox 132 1912 340 1952; x_wconf 90' lang='lat' dir='ltr'>damnum</span> <span class='ocrx_word' id='word_1_192' title='bbox 365 1915 442 1950; x_wconf 89' lang='lat' dir='ltr'>est.</span> <span class='ocrx_word' id='word_1_193' title='bbox 504 1910 582 1949; x_wconf 89' lang='lat' dir='ltr'>‘At</span> <span class='ocrx_word' id='word_1_194' title='bbox 612 1909 777 1949; x_wconf 86' lang='lat' dir='ltr'>felicem</span> <span class='ocrx_word' id='word_1_195' title='bbox 808 1909 927 1948; x_wconf 92' lang='lat' dir='ltr'>illum</span> <span class='ocrx_word' id='word_1_196' title='bbox 960 1908 1153 1947; x_wconf 87' lang='lat' dir='ltr'>homines</span> <span class='ocrx_word' id='word_1_197' title='bbox 1177 1912 1220 1947; x_wconf 80' lang='lat' dir='ltr'>et·</span> <span class='ocrx_word' id='word_1_198' title='bbox 1251 1907 1432 1947; x_wconf 86' lang='lat' dir='ltr'>divitem</span> <span class='ocrx_word' id='word_1_199' title='bbox 1460 1920 1534 1947; x_wconf 89' lang='lat' dir='ltr'>vo-</span> 
     </span>
     <span class='ocr_line' id='line_1_30' title="bbox 134 1973 1532 2027; baseline -0.004 -10"><span class='ocrx_word' id='word_1_200' title='bbox 134 1982 233 2017; x_wconf 89' lang='lat' dir='ltr'>cant</span> <span class='ocrx_word' id='word_1_201' title='bbox 261 1981 304 2017; x_wconf 92' lang='lat' dir='ltr'>et</span> <span class='ocrx_word' id='word_1_202' title='bbox 334 1976 536 2027; x_wconf 81' lang='lat' dir='ltr'>consequi</span> <span class='ocrx_word' id='word_1_203' title='bbox 559 1980 729 2026; x_wconf 88' lang='lat' dir='ltr'>optant,</span> <span class='ocrx_word' id='word_1_204' title='bbox 753 1979 967 2026; x_wconf 85' lang='lat' dir='ltr'>quantum</span> <span class='ocrx_word' id='word_1_205' title='bbox 997 1975 1065 2014; x_wconf 88' lang='lat' dir='ltr'>ille</span> <span class='ocrx_word' id='word_1_206' title='bbox 1096 1973 1314 2024; x_wconf 59' lang='lat' dir='ltr'>possidet)</span> <span class='ocrx_word' id='word_1_207' title='bbox 1362 1973 1532 2013; x_wconf 87' lang='lat' dir='ltr'>Fateor.</span> 
     </span>
     <span class='ocr_line' id='line_1_31' title="bbox 134 2039 1534 2093; baseline -0.004 -10"><span class='ocrx_word' id='word_1_208' title='bbox 134 2044 244 2093; x_wconf 87' lang='lat' dir='ltr'>Quid</span> <span class='ocrx_word' id='word_1_209' title='bbox 279 2045 409 2093; x_wconf 77' lang='lat' dir='ltr'>ergo?</span> <span class='ocrx_word' id='word_1_210' title='bbox 467 2043 530 2082; x_wconf 88' lang='lat' dir='ltr'>Tu</span> <span class='ocrx_word' id='word_1_211' title='bbox 565 2042 673 2082; x_wconf 90' lang='lat' dir='ltr'>ullos</span> <span class='ocrx_word' id='word_1_212' title='bbox 706 2055 795 2082; x_wconf 90' lang='lat' dir='ltr'>esse</span> <span class='ocrx_word' id='word_1_213' title='bbox 830 2040 1091 2081; x_wconf 80' lang='lat' dir='ltr'>condicionis</span> <span class='ocrx_word' id='word_1_214' title='bbox 1126 2040 1279 2091; x_wconf 87' lang='lat' dir='ltr'>peioris</span> <span class='ocrx_word' id='word_1_215' title='bbox 1312 2039 1534 2080; x_wconf 84' lang='lat' dir='ltr'>existimas</span> 
     </span>
     <span class='ocr_line' id='line_1_32' title="bbox 134 2105 1533 2161; baseline -0.004 -11"><span class='ocrx_word' id='word_1_216' title='bbox 134 2124 264 2161; x_wconf 89' lang='lat' dir='ltr'>quam</span> <span class='ocrx_word' id='word_1_217' title='bbox 308 2109 379 2160; x_wconf 89' lang='lat' dir='ltr'>qui</span> <span class='ocrx_word' id='word_1_218' title='bbox 423 2109 584 2149; x_wconf 87' lang='lat' dir='ltr'>habent</span> <span class='ocrx_word' id='word_1_219' title='bbox 626 2113 669 2149; x_wconf 88' lang='lat' dir='ltr'>et</span> <span class='ocrx_word' id='word_1_220' title='bbox 713 2108 926 2148; x_wconf 86' lang='lat' dir='ltr'>miseriam</span> <span class='ocrx_word' id='word_1_221' title='bbox 968 2112 1011 2147; x_wconf 82' lang='lat' dir='ltr'>et</span> <span class='ocrx_word' id='word_1_222' title='bbox 1054 2106 1294 2146; x_wconf 77' lang='lat' dir='ltr'>invidiam?</span> <span class='ocrx_word' id='word_1_223' title='bbox 1355 2105 1533 2146; x_wconf 87' lang='lat' dir='ltr'>Utinam</span> 
     </span>
     <span class='ocr_line' id='line_1_33' title="bbox 135 2172 1533 2227; baseline -0.003 -11"><span class='ocrx_word' id='word_1_224' title='bbox 135 2176 207 2227; x_wconf 93' lang='lat' dir='ltr'>qui</span> <span class='ocrx_word' id='word_1_225' title='bbox 238 2175 414 2216; x_wconf 85' lang='lat' dir='ltr'>divitias</span> <span class='ocrx_word' id='word_1_226' title='bbox 445 2175 637 2225; x_wconf 84' lang='lat' dir='ltr'>optaturi</span> <span class='ocrx_word' id='word_1_227' title='bbox 668 2179 824 2223; x_wconf 87' lang='lat' dir='ltr'>essent,</span> <span class='ocrx_word' id='word_1_228' title='bbox 858 2187 955 2214; x_wconf 89' lang='lat' dir='ltr'>cum</span> <span class='ocrx_word' id='word_1_229' title='bbox 986 2173 1196 2213; x_wconf 76' lang='lat' dir='ltr'>divitibus</span> <span class='ocrx_word' id='word_1_230' title='bbox 1226 2172 1533 2220; x_wconf 83' lang='lat' dir='ltr'>deliberarent;</span> 
     </span>
     <span class='ocr_line' id='line_1_34' title="bbox 135 2239 1533 2292; baseline -0.004 -10"><span class='ocrx_word' id='word_1_231' title='bbox 135 2243 303 2282; x_wconf 88' lang='lat' dir='ltr'>utinam</span> <span class='ocrx_word' id='word_1_232' title='bbox 348 2241 531 2281; x_wconf 87' lang='lat' dir='ltr'>honores</span> <span class='ocrx_word' id='word_1_233' title='bbox 576 2241 753 2292; x_wconf 84' lang='lat' dir='ltr'>petituri</span> <span class='ocrx_word' id='word_1_234' title='bbox 800 2254 897 2281; x_wconf 89' lang='lat' dir='ltr'>cum</span> <span class='ocrx_word' id='word_1_235' title='bbox 943 2239 1184 2280; x_wconf 73' lang='lat' dir='ltr'>ambitiosis</span> <span class='ocrx_word' id='word_1_236' title='bbox 1227 2243 1270 2279; x_wconf 85' lang='lat' dir='ltr'>et</span> <span class='ocrx_word' id='word_1_237' title='bbox 1315 2251 1533 2278; x_wconf 88' lang='lat' dir='ltr'>summum</span> 
     </span>
     <span class='ocr_line' id='line_1_35' title="bbox 137 2306 1534 2359; baseline -0.003 -11"><span class='ocrx_word' id='word_1_238' title='bbox 137 2309 304 2359; x_wconf 86' lang='lat' dir='ltr'>adeptis</span> <span class='ocrx_word' id='word_1_239' title='bbox 352 2308 577 2359; x_wconf 81' lang='lat' dir='ltr'>dignitatis</span> <span class='ocrx_word' id='word_1_240' title='bbox 624 2309 815 2348; x_wconf 81' lang='lat' dir='ltr'>statum!</span> <span class='ocrx_word' id='word_1_241' title='bbox 875 2306 1074 2347; x_wconf 86' lang='lat' dir='ltr'>Profecto</span> <span class='ocrx_word' id='word_1_242' title='bbox 1123 2310 1228 2346; x_wconf 72' lang='lat' dir='ltr'>vota</span> <span class='ocrx_word' id='word_1_243' title='bbox 1277 2309 1534 2353; x_wconf 82' lang='lat' dir='ltr'>mutassent,</span> 
     </span>
    </p>
   </div>
  </div>
 </body>
</html>
