1667 2524
393 122 461 156 AD
493 122 740 157 LUCILIUM
772 123 1017 157 EPISTULA
1050 123 1221 156 LXXIII
1446 118 1495 160 91

102 242 323 293 pendiario
349 255 469 283 voco.
531 241 704 283 Solebat
736 242 907 282 Sextius
937 242 1075 282 dicere
1107 243 1256 282 Iovem
1287 243 1382 293 plus
1412 256 1498 282 non

102 321 225 358 posse
257 321 387 359 quam
418 309 581 348 bonum
612 308 764 348 virum.
827 308 954 348 Plura
985 309 1182 358 Iuppiter
1212 309 1357 357 habet,
1389 322 1498 360 quae

102 379 291 424 praestet
330 374 587 423 hominibus,
624 375 697 414 sed
733 375 846 414 inter
878 375 986 414 duos
1022 375 1156 414 bonos
1192 388 1278 414 non
1313 380 1376 415 est
1414 389 1500 415 me-

102 439 192 489 lior,
230 440 303 491 qui
340 440 605 491 locupletior,
643 454 728 479 non
765 440 899 490 magis
935 454 1066 491 quam
1102 441 1215 481 inter
1248 442 1370 490 duos,
1407 442 1499 492 qui-

100 505 181 545 bus
224 519 303 556 par
343 506 522 546 scientia
565 506 735 556 regendi
778 506 1115 556 gubernaculum
1158 512 1237 555 est,
1282 507 1499 547 meliorem

101 571 272 621 dixeris,
304 572 371 612 cui
402 572 539 612 maius
568 572 884 623 speciosiusque
915 573 1134 623 navigium
1164 578 1242 613 est.
1303 573 1501 624 Iuppiter

102 651 187 689 quo
225 638 442 678 antecedit
480 638 621 678 virum
659 638 851 678 bonum?
911 639 1084 678 Diutius
1121 639 1259 679 bonus
1296 644 1382 680 est:
1435 653 1500 679 sa-

101 703 221 754 piens
260 704 392 743 nihilo
431 718 474 745 se
522 704 696 744 minoris
742 704 976 753 existimat,
1018 705 1133 756 quod
1180 705 1364 746 virtutes
1410 706 1499 746 eius

100 770 242 820 spatio
281 770 475 811 breviore
516 771 761 811 cluduntur.
823 770 1199 819 Quemadmodum
1239 786 1291 812 ex
1331 772 1500 812 duobus

100 836 368 886 sapientibus
396 837 469 888 qui
497 837 637 877 senior
663 837 858 885 decessit,
888 850 974 876 non
1001 842 1065 877 est
1094 837 1262 877 beatior
1287 851 1351 886 eo,
1382 838 1500 878 cuius

100 901 215 942 intra
243 903 464 954 pauciores
494 917 628 943 annos
656 903 890 944 terminata
919 904 1057 943 virtus
1085 908 1164 952 est,
1194 904 1251 944 sic
1281 905 1386 944 deus
1415 918 1501 943 non

101 968 235 1009 vincit
267 969 506 1020 sapientem
538 969 758 1018 felicitate,
790 970 921 1009 etiam
953 970 986 1009 si
1019 970 1152 1010 vincit
1186 974 1342 1011 aetate.
1404 971 1501 1010 Non

100 1038 165 1075 est
201 1035 339 1075 virtus
375 1035 523 1084 maior,
561 1049 670 1086 quae
707 1035 881 1086 longior.
943 1036 1141 1086 Iuppiter
1176 1036 1319 1076 omnia
1355 1036 1500 1084 habet,

100 1101 175 1142 sed
211 1115 364 1152 nempe
401 1102 493 1141 aliis
529 1102 709 1142 tradidit
747 1101 967 1151 habenda;
1020 1103 1073 1142 ad
1110 1102 1252 1153 ipsum
1289 1103 1354 1143 hic
1392 1116 1502 1142 unus

101 1180 203 1208 usus
236 1168 437 1218 pertinet,
472 1168 587 1219 quod
621 1168 771 1208 utendi
805 1168 1004 1208 omnibus
1038 1182 1166 1209 causa
1199 1173 1284 1209 est:
1333 1169 1502 1219 sapiens

101 1238 195 1274 tam
226 1247 363 1285 aequo
395 1234 538 1274 animo
570 1234 713 1274 omnia
745 1235 859 1284 apud
892 1234 996 1274 alios
1027 1234 1145 1274 videt
1178 1235 1502 1286 contemnitque

102 1313 234 1351 quam
270 1301 467 1351 Iuppiter
499 1305 542 1341 et
579 1300 657 1341 hoc
693 1314 735 1340 se
772 1301 906 1350 magis
941 1300 1132 1351 suspicit,
1156 1301 1271 1352 quod
1308 1302 1505 1352 Iuppiter

102 1366 167 1407 uti
197 1366 277 1407 illis
307 1380 392 1406 non
422 1371 580 1417 potest,
611 1367 780 1417 sapiens
810 1380 896 1406 non
925 1367 1034 1406 vult.
1094 1367 1328 1407 Credamus
1356 1367 1503 1419 itaque

103 1433 250 1474 Sextio
286 1433 545 1473 monstranti
582 1432 915 1483 pulcherrimum
951 1433 1033 1473 iter
1066 1437 1109 1473 et
1146 1433 1373 1473 clamanti.
1424 1433 1503 1474 hac

103 1499 212 1539 ‘itur
233 1499 460 1556 adgstrast
480 1499 556 1539 hac
580 1499 816 1538 secundum
839 1498 1150 1549 frugalitatem,
1169 1499 1248 1538 hac
1270 1499 1506 1539 secundum

107 1550 451 1617 teffintiam,
474 1565 553 1604 hac
578 1565 815 1605 secundum
839 1565 1153 1605 fortitudinem.
1216 1565 1313 1604 Non
1333 1569 1434 1605 sunt
1461 1565 1504 1605 di

103 1631 328 1680 fastidiosi,
344 1645 429 1671 non
448 1631 604 1671 invidi:
631 1631 871 1671 admittunt
888 1635 931 1671 et
950 1631 1310 1671 adscendentibus
1328 1644 1504 1671 manum

104 1698 341 1749 porrigunt.
403 1698 567 1737 Miraris
616 1697 834 1737 hominem
884 1698 938 1737 ad
987 1698 1088 1756 deos
1137 1697 1227 1737 ire?
1286 1698 1401 1738 Deus
1450 1698 1502 1738 ad

104 1764 297 1824 homines
311 1764 447 1816 venit,
474 1763 605 1803 11111110
631 1763 746 1815 quod
771 1762 835 1804 est
862 1763 1051 1814 propius,
1078 1754 1119 1802 in
1147 1757 1339 1803 homines
1365 1762 1504 1803 venit'.

105 1816 222 1870 nulla
260 1830 349 1870 sine
389 1831 469 1870 deo
510 1843 628 1870 mens
668 1830 782 1869 bona
821 1834 899 1869 est.
962 1829 1133 1870 Semina
1172 1829 1216 1868 in
1257 1830 1505 1880 corporibus

105 1896 303 1935 humanis
335 1896 483 1936 divina
513 1896 704 1946 dispersa
736 1900 852 1943 sunt,
885 1908 996 1946 quae
1028 1895 1061 1935 si
1094 1895 1232 1935 bonus
1265 1895 1405 1935 cultor
1434 1909 1506 1936 ex-

106 1961 223 2012 cipit,
250 1961 404 2001 similia
430 1961 578 2011 origini
605 1962 818 2011 prodeunt
845 1966 887 2001 et
915 1961 1034 2011 paria
1060 1961 1123 2009 iis,
1150 1975 1203 2001 ex
1229 1961 1385 2012 quibus
1411 1965 1506 2001 orta

106 2031 220 2076 sunt,
250 2032 451 2078 surgunt:
496 2026 530 2066 si
560 2027 710 2075 malus,
740 2040 827 2066 non
856 2027 980 2067 aliter
1008 2040 1139 2078 quam
1168 2026 1324 2067 humus
1353 2027 1506 2067 sterilis

107 2107 154 2134 ac
185 2093 387 2144 palustris
417 2097 542 2134 necat
583 2106 631 2134 ac
661 2093 815 2134 deinde
846 2098 961 2133 creat
997 2097 1283 2144 purgamenta
1313 2106 1390 2145 pro
1420 2093 1507 2133 fru-

105 2159 243 2210 gibus.
305 2160 444 2200 VALE.

1528 582 1566 611 13

1531 1043 1568 1072 14

1531 1377 1569 1406 15

1533 1708 1571 1737 16
