1667 2524
132 139 186 179 42
573 141 613 174 L.
650 141 846 174 ΑΝΝΑΕΙ
880 141 1107 175 SENECAE

132 261 310 302 cottidie
360 260 656 311 experiuntur,
709 273 795 310 quo
846 261 1103 311 procedente
1155 273 1254 308 non,
1307 265 1534 310 tamquam

133 328 294 367 malurn
332 327 506 378 aliquod
544 331 619 366 aut
657 325 835 365 noxium
873 326 1031 365 animal
1068 340 1090 366 e
1127 326 1255 366 cubili
1293 325 1534 376 prosilierit,

131 393 379 444 diffugiunt,
413 394 485 433 sed
519 397 747 444 tamquam
781 392 834 432 ad
869 392 1031 432 clarum
1065 406 1111 432 ac
1146 392 1385 432 beneficum
1419 392 1535 432 sidus

132 460 331 501 certatim
387 459 609 500 advolant.
671 458 849 499 Obicere
903 472 947 499 se
1001 472 1078 509 pro
1133 458 1204 497 illo
1260 459 1536 499 mucronibus

132 525 431 566 insidiantium
469 524 730 576 paratissimi
768 529 810 565 et
849 525 1120 565 substernere
1158 538 1336 575 corpora
1373 538 1464 573 sua,
1503 524 1536 564 si

132 606 209 644 per
232 597 419 643 stragem
445 591 504 631 illi
530 591 766 631 humanam
791 591 874 631 iter
898 591 951 631 ad
977 591 1161 631 salutem
1186 591 1441 631 struendum
1466 590 1535 638 sit,

132 672 332 699 somnum
364 658 454 699 eius
486 657 709 698 nocturnis
740 657 932 698 excubiis
965 657 1181 706 muniunt,
1214 657 1349 697 latera
1382 656 1537 696 obiecti

136 724 468 776 circumfusique
504 724 760 773 defendunt,
797 723 1115 763 incurrentibus
1152 722 1348 773 periculis
1384 736 1427 762 se
1465 735 1538 773 op·

134 796 316 843 ponunt.
378 792 476 831 Non
515 795 579 831 est
621 790 687 830 hic
728 790 818 830 sine
859 789 1024 830 ratione
1065 789 1234 840 populis
1274 788 1538 839 urbibusque

135 871 365 899 consensus
398 857 456 898 sic
490 856 743 908 protegendi
778 856 1039 907 amandique
1074 869 1190 906 reges
1223 860 1265 895 et
1300 869 1343 895 se
1376 868 1539 906 suaque

134 924 340 973 iactandi,
378 936 652 975 quocumque
688 923 949 964 desideravit
986 922 1239 973 imperantis
1276 922 1389 962 salus
1401 935 1410 971 ;
1462 935 1538 962 nec

135 991 238 1032 haec
264 991 408 1031 vilitas
432 990 496 1030 sui
520 995 584 1031 est
611 994 686 1030 aut
711 989 930 1030 dementia
954 1002 1031 1039 pro
1055 1002 1141 1028 uno
1167 988 1306 1039 capite
1331 992 1397 1028 tot
1424 987 1540 1027 milia

97 1106 99 1108 ¹
134 1058 329 1108 excipere
359 1057 519 1097 ferrum
550 1070 597 1097 ac
630 1056 777 1096 multis
808 1055 1019 1095 mortibus
1049 1069 1181 1095 unam
1206 1055 1401 1108 ⁴animam
1433 1054 1542 1094 redi-

136 1139 248 1165 mere
292 1137 620 1176 nonnumquam
665 1123 775 1164 senis
818 1128 860 1163 et
905 1122 1095 1162 invalidi.
1165 1121 1540 1171 Quemadmodum

135 1196 280 1232 totum
315 1205 468 1242 corpus
503 1190 647 1231 animo
681 1189 868 1230 deservit
903 1194 960 1237 et,
997 1202 1094 1229 cum
1128 1188 1207 1229 hoc
1242 1193 1368 1228 tanto
1404 1188 1541 1228 maius

136 1264 348 1310 tantoque
380 1258 611 1309 speciosius
642 1257 712 1306 sit,
744 1257 812 1297 ille
843 1256 886 1296 in
919 1254 1088 1296 occulto
1121 1260 1293 1296 maneat
1326 1255 1467 1296 tenuis
1497 1259 1540 1296 et

135 1326 178 1366 in
212 1339 298 1378 qua
330 1326 428 1366 sede
461 1325 604 1365 latitet
638 1324 839 1373 incertus,
873 1328 1021 1364 tamen
1054 1336 1221 1371 manus,
1254 1323 1397 1374 pedes,
1432 1321 1540 1363 oculi

137 1392 358 1443 negotium
388 1392 446 1431 illi
476 1396 644 1442 gerunt,
675 1391 794 1430 illum
825 1390 928 1431 haec
960 1390 1069 1431 cutis
1100 1389 1254 1437 munit,
1285 1389 1396 1429 illius
1424 1389 1541 1429 iussu

137 1459 325 1500 iacemus
368 1463 443 1499 aut
485 1458 667 1510 inquieti
709 1458 1001 1505 discurrimus,
1047 1470 1144 1497 cum
1185 1457 1253 1497 ille
1295 1456 1540 1507 imperavit,

138 1526 227 1566 sive
267 1538 423 1566 avarus
461 1525 662 1565 dominus
699 1529 779 1573 est,
820 1538 935 1564 mare
974 1524 1078 1563 lucri
1118 1537 1246 1563 causa
1284 1526 1541 1571 scrutamur,

139 1593 228 1634 sive
258 1592 526 1640 ambitiosus,
556 1591 642 1631 iam
671 1591 837 1631 dudum
866 1591 1065 1631 dextram
1096 1589 1279 1629 flammis
1309 1589 1542 1629 obiecimus

140 1664 215 1700 aut
264 1658 497 1699 voluntarii
545 1663 704 1699 terram
753 1657 1043 1698 subsiluimus.
1085 1656 1141 1696 sic
1190 1656 1293 1696 haec
1334 1656 1542 1696 immensa

141 1725 377 1766 multitudo
404 1725 530 1765 unius
558 1724 726 1764 animae
754 1724 1022 1764 circumdata
1048 1722 1159 1762 illius
1186 1722 1339 1773 spiritu
1368 1722 1540 1772 regitur,

140 1792 251 1832 illius
277 1791 442 1832 ratione
467 1791 656 1831 flectitur
679 1803 876 1842 pressura
899 1803 942 1830 se
967 1803 1015 1830 ac
1040 1789 1231 1830 fractura
1254 1788 1417 1828 viribus
1441 1788 1541 1837 suis,

141 1858 220 1898 nisi
251 1858 424 1898 consilio
452 1858 747 1898 sustineretur.
1459 1897 1461 1899 ,

198 1926 271 1965 IV.
314 1925 445 1965 Suam
475 1924 622 1976 itaque
652 1923 996 1964 incolumitatem
1027 1926 1190 1971 amant,
1225 1935 1321 1961 cum
1350 1935 1427 1972 pro
1455 1934 1542 1961 uno

142 1991 314 2032 homine
334 1992 467 2032 denas
488 1991 672 2041 legiones
693 1990 737 2029 in
758 1989 892 2030 aciem
913 1989 1149 2037 deducunt,
1172 2002 1269 2028 cum
1293 1988 1335 2027 in
1358 1988 1542 2038 primam

142 2059 329 2099 frontem
355 2062 611 2109 procurrunt
637 2062 680 2098 et
707 2058 888 2097 adversa
912 2055 1158 2096 volneribus
1184 2059 1358 2106 pectora
1384 2055 1541 2101 ferunt,

143 2139 195 2165 ne
222 2124 492 2176 imperatoris
519 2124 583 2164 sui
611 2124 732 2175 signa
758 2128 998 2164 vertantur.
1060 2122 1136 2162 Ille
1163 2126 1226 2161 est
1256 2121 1367 2161 enim
1397 2121 1543 2160 vinou-

143 2191 246 2240 lum,
280 2205 355 2242 per
385 2191 499 2243 quod
534 2205 597 2231 res
630 2190 801 2241 publica
833 2189 1046 2237 cohaeret,
1078 2188 1145 2228 ille
1178 2187 1352 2238 spiritus
1384 2186 1542 2233 vitalis,

144 2271 272 2310 quem
302 2257 405 2298 haec
427 2262 494 2298 tot
525 2257 641 2297 milia
670 2256 850 2297 trahunt
881 2255 983 2295 nihil
1014 2255 1106 2306 ipsa
1136 2268 1212 2305 per
1230 2268 1272 2294 se
1296 2254 1443 2294 futura
1464 2252 1543 2292 nisi

145 2338 252 2365 onus
275 2329 317 2365 et
342 2325 515 2375 praeda,
540 2323 573 2364 si
599 2337 717 2363 mens
741 2323 812 2362 illa
835 2322 1000 2373 imperii
1024 2320 1319 2361 subtrahatur.
