1667 2524
357 138 425 172 AD
458 137 725 174 POLYBIUM
758 139 825 172 DE
858 139 1242 174 CONSOLATIONE
1477 138 1502 179 9

99 271 196 298 cum
218 262 461 298 morentur:
499 262 646 298 tutum
668 258 710 298 id
732 258 813 298 erit
836 272 961 298 omne
984 264 1169 310 tempus,
1193 261 1308 311 quod
1331 260 1411 301 illis
1432 265 1500 301 tu-

97 325 258 365 endum
281 324 562 373 commiseris;
600 329 703 364 tunc
725 324 917 364 Caesaris
938 326 1002 365 tui
1024 339 1167 376 opera,
1189 332 1238 366 ut
1260 340 1334 377 per
1355 329 1498 367 omnia

96 391 266 432 saecula
299 391 536 431 domestico
571 395 800 431 narrentur
832 392 1075 442 praeconio,
1111 398 1326 443 quantum
1360 399 1497 444 potes,

98 471 327 509 compone:
377 470 478 497 nam
513 457 603 508 ipse
637 457 716 498 tibi
752 458 914 508 optime
948 458 1164 498 formandi
1201 460 1498 511 condendique

97 538 161 564 res
191 529 334 575 gestas
364 528 407 564 et
439 524 667 564 materiam
698 524 822 564 dabit
853 528 896 564 et
927 524 1187 575 exemplum.
1253 526 1353 576 [27.]
1402 527 1498 566 Non
1530 540 1548 567 3

96 591 234 631 audeo
259 595 301 631 te
324 604 373 631 eo
397 603 533 641 usque
558 591 807 641 producere,
832 595 881 631 ut
905 590 1084 631 fabellas
1108 605 1280 643 quoque
1303 597 1345 632 et
1370 593 1499 633 Aeso-

96 670 198 708 peos
218 657 348 707 logos,
369 657 683 708 intemptatum
703 657 913 697 Romanis
932 658 1112 708 ingeniis
1132 672 1253 709 opus,
1274 659 1400 699 solita
1421 660 1498 699 tibi

96 728 327 764 venustate
365 728 607 763 connectas.
670 723 850 764 Difficile
887 730 951 764 est
989 725 1179 775 quidem,
1216 730 1266 765 ut
1303 726 1357 766 ad
1395 726 1498 766 haec

96 790 296 830 hilariora
313 790 457 830 studia
475 795 565 830 tam
584 790 861 831 vehementer
877 791 1098 842 perculsus
1116 793 1286 832 animus
1304 798 1395 833 tam
1415 794 1498 833 cito

96 857 230 908 possit
254 857 474 897 accedere:
512 856 592 897 hoc
615 861 762 897 tamen
786 863 1090 908 argumentum
1114 858 1274 899 habeto
1297 860 1383 899 iam
1403 874 1499 900 con-

96 923 286 963 roborati
303 923 393 963 eius
409 928 452 963 et
470 924 625 964 redditi
643 923 738 972 sibi,
757 924 790 963 si
808 925 969 975 poterit
987 938 1011 964 a
1029 926 1313 966 severioribus
1330 927 1499 977 scriptis

97 991 151 1030 ad
169 990 272 1030 haec
289 990 495 1030 solutiora
511 991 752 1041 procedere.
815 991 865 1030 In
882 991 961 1031 illis
977 992 1091 1032 enim
1108 994 1308 1043 quamvis
1324 1006 1498 1044 aegrum

95 1070 194 1097 eum
228 1056 369 1096 adhuc
403 1062 445 1097 et
480 1070 624 1096 secum
659 1057 944 1098 reluctantem
979 1059 1182 1099 avocabit
1216 1060 1308 1110 ipsa
1342 1073 1497 1108 rerum,

97 1137 205 1175 quas
225 1123 447 1171 tractabit,
469 1124 700 1164 austeritas
713 1137 721 1172 ;
758 1124 876 1173 haec,
898 1138 1008 1176 quae
1030 1126 1204 1165 remissa
1224 1127 1365 1167 fronte
1387 1140 1499 1166 com-

95 1190 333 1230 mentanda
353 1195 468 1238 sunt,
490 1204 575 1230 non
596 1191 717 1239 feret,
740 1191 819 1231 nisi
842 1205 937 1231 cum
958 1192 1044 1230 iani
1064 1192 1143 1231 sibi
1165 1192 1219 1231 ab
1240 1193 1355 1232 omni
1375 1198 1499 1244 parte

96 1257 351 1297 constiterit.
413 1258 569 1309 Itaque
584 1257 759 1298 debebis
775 1272 873 1298 eum
889 1259 1098 1299 severiore
1114 1260 1296 1300 materia
1311 1260 1499 1311 primum

94 1337 302 1372 exercere,
332 1324 486 1364 deinde
515 1324 712 1364 hilariore
742 1330 994 1376 temperare.

151 1390 231 1430 IX.
293 1390 404 1430 Illud
432 1404 603 1442 quoque
629 1405 785 1442 magno
812 1392 890 1432 tibi
917 1392 997 1432 erit
1025 1392 1285 1441 levamento,
1312 1394 1346 1433 si
1372 1407 1498 1445 saepe

96 1462 138 1497 te
159 1458 217 1497 sic
239 1458 591 1508 interrogaveris:
629 1460 854 1498 ‘utrumne
876 1472 971 1498 meo
993 1460 1166 1499 nomine
1187 1459 1310 1499 doleo
1333 1474 1387 1499 an
1408 1461 1498 1500 eius

95 1524 168 1575 qui
185 1524 365 1564 decessit
381 1525 398 1563 ἶ)
458 1525 499 1565 Si
518 1538 627 1573 meo,
647 1526 756 1576 perit
778 1525 1070 1576 indulgentiae
1089 1526 1268 1566 iactatio
1286 1532 1329 1566 et
1348 1527 1497 1577 incipit

94 1590 215 1631 dolor
235 1591 314 1630 hoc
331 1604 416 1630 uno
433 1597 677 1639 excusatus,
696 1593 810 1643 quod
829 1592 1035 1632 honestus
1051 1597 1130 1641 est,
1150 1606 1246 1632 cum
1263 1594 1316 1633 ad
1335 1594 1498 1634 utilita-

93 1660 183 1697 tem
203 1658 389 1708 respicit,
411 1671 435 1697 a
455 1658 618 1709 pietate
638 1659 890 1707 desciscere;
927 1659 1031 1698 nihil
1054 1664 1201 1699 autem
1222 1660 1364 1699 minus
1384 1660 1496 1700 bono

94 1724 186 1763 viro
217 1724 419 1764 convenit
449 1737 581 1775 quam
611 1725 654 1763 in
683 1725 830 1765 fratris
859 1725 979 1765 luctu
1010 1726 1194 1766 calculos
1223 1740 1393 1777 ponere.
1454 1727 1496 1767 Si

94 1790 206 1830 illius
230 1791 403 1830 nomine
427 1791 565 1839 doleo,
592 1804 761 1832 necesse
785 1796 850 1832 est
876 1792 1135 1832 alterutrum
1160 1806 1214 1833 ex
1238 1793 1303 1833 his
1327 1793 1497 1833 duobus

93 1869 183 1896 esse
217 1856 423 1897 iudicem:
473 1870 574 1896 nam
609 1858 643 1897 si
678 1858 820 1898 nullus
853 1859 1070 1899 defunctis
1104 1872 1252 1899 sensus
1287 1865 1495 1910 superest,

93 1923 232 1963 evasit
252 1924 398 1963 omnia
416 1924 550 1964 frater
567 1937 688 1965 meus
706 1925 823 1965 vitae
842 1925 1117 1966 incommoda
1135 1930 1176 1966 et
1198 1927 1240 1965 in
1259 1940 1357 1966 eum
1377 1927 1496 1966 resti-

95 1993 218 2029 tutus
248 1994 313 2030 est
344 1990 499 2039 locum,
530 1991 574 2030 in
605 2004 690 2042 quo
720 1992 862 2032 fuerat
893 1997 1130 2043 antequam
1162 1998 1421 2041 nasceretur,
1453 1997 1493 2033 et

93 2068 244 2106 expers
273 2056 412 2096 omnis
440 2057 541 2096 mali
571 2057 676 2097 nihil
706 2058 846 2107 timet,
876 2058 981 2098 nihil
1012 2047 1145 2110 cupit,
1175 2059 1279 2098 nihil
1309 2060 1496 2110 patitur:

94 2123 189 2173 quis
209 2122 289 2163 iste
308 2123 427 2163 furor
440 2128 504 2164 est
524 2137 601 2174 pro
621 2137 671 2164 eo
691 2138 759 2164 me
779 2138 1018 2176 numquam
1038 2125 1181 2165 dolere
1200 2126 1406 2173 desinere,
1423 2126 1494 2176 qui

94 2201 334 2240 numquam
359 2189 572 2230 doliturus
597 2192 693 2231 est?
752 2191 794 2231 Si
820 2195 885 2231 est
911 2191 1066 2242 aliquis
1091 2192 1308 2232 defunctis
1333 2205 1494 2239 sensus,

94 2267 207 2294 nunc
231 2255 401 2295 animus
423 2256 570 2296 fratris
593 2257 676 2297 mei
700 2257 819 2297 velut
843 2271 896 2297 ex
919 2258 1088 2298 diutino
1114 2271 1279 2298 carcere
1302 2259 1494 2305 emissus,

94 2321 273 2362 tandem
292 2322 357 2362 sui
376 2322 479 2362 iuris
496 2327 539 2363 et
559 2322 740 2372 arbitrii,
760 2324 887 2374 gestit
907 2328 949 2366 et
970 2337 1111 2366 rerum
1130 2329 1312 2365 naturae
1331 2330 1496 2376 specta-

1527 1738 1545 1765 [Ο
