<?xml version="1.0" encoding="UTF-8"?>
<!DOCTYPE html PUBLIC "-//W3C//DTD XHTML 1.0 Transitional//EN"
    "http://www.w3.org/TR/xhtml1/DTD/xhtml1-transitional.dtd">
<html xmlns="http://www.w3.org/1999/xhtml" xml:lang="en" lang="en">
 <head>
  <title>
</title>
<meta http-equiv="Content-Type" content="text/html;charset=utf-8" />
  <meta name='ocr-system' content='tesseract 3.04.00' />
  <meta name='ocr-capabilities' content='ocr_page ocr_carea ocr_par ocr_line ocrx_word'/>
</head>
<body>
  <div class='ocr_page' id='page_1' title='image "./selectedessayssa00seneuoft_0120.png"; bbox 0 0 1667 2524; ppageno 0'>
   <div class='ocr_carea' id='block_1_1' title="bbox 78 683 115 712">
    <p class='ocr_par' dir='ltr' id='par_1_1' title="bbox 78 683 115 712">
     <span class='ocr_line' id='line_1_1' title="bbox 78 683 115 712; baseline 0.027 -1"><span class='ocrx_word' id='word_1_1' title='bbox 78 683 115 712; x_wconf 91' lang='lat'>10</span> 
     </span>
    </p>
   </div>
   <div class='ocr_carea' id='block_1_2' title="bbox 75 1149 109 1176">
    <p class='ocr_par' dir='ltr' id='par_1_2' title="bbox 75 1149 109 1176">
     <span class='ocr_line' id='line_1_2' title="bbox 75 1149 109 1176; baseline 0 0"><span class='ocrx_word' id='word_1_2' title='bbox 75 1149 109 1176; x_wconf 86' lang='lat'>11</span> 
     </span>
    </p>
   </div>
   <div class='ocr_carea' id='block_1_3' title="bbox 88 2194 102 2221">
    <p class='ocr_par' dir='ltr' id='par_1_3' title="bbox 88 2194 102 2221">
     <span class='ocr_line' id='line_1_3' title="bbox 88 2194 102 2221; baseline 0 0"><span class='ocrx_word' id='word_1_3' title='bbox 88 2194 102 2221; x_wconf 89' lang='lat'>1</span> 
     </span>
    </p>
   </div>
   <div class='ocr_carea' id='block_1_4' title="bbox 141 156 1111 197">
    <p class='ocr_par' dir='ltr' id='par_1_4' title="bbox 141 156 1111 197">
     <span class='ocr_line' id='line_1_4' title="bbox 141 156 1111 197; baseline 0.005 -10"><span class='ocrx_word' id='word_1_4' title='bbox 141 156 196 197; x_wconf 81' lang='grc'>80</span> <span class='ocrx_word' id='word_1_5' title='bbox 580 157 620 190; x_wconf 92' lang='lat' dir='ltr'>L.</span> <span class='ocrx_word' id='word_1_6' title='bbox 656 156 850 189; x_wconf 90' lang='lat' dir='ltr'>ANNAEI</span> <span class='ocrx_word' id='word_1_7' title='bbox 883 158 1111 192; x_wconf 82' lang='lat' dir='ltr'>SENECAE</span> 
     </span>
    </p>
   </div>
   <div class='ocr_carea' id='block_1_5' title="bbox 134 278 1549 1973">
    <p class='ocr_par' dir='ltr' id='par_1_5' title="bbox 140 278 1549 1126">
     <span class='ocr_line' id='line_1_5' title="bbox 142 278 1540 330; baseline -0.001 -11"><span class='ocrx_word' id='word_1_8' title='bbox 142 292 185 319; x_wconf 89' lang='lat' dir='ltr'>se</span> <span class='ocrx_word' id='word_1_9' title='bbox 233 280 402 330; x_wconf 90' lang='lat' dir='ltr'>sapiens</span> <span class='ocrx_word' id='word_1_10' title='bbox 450 279 764 319; x_wconf 76' lang='lat' dir='ltr'>accommodat.</span> <span class='ocrx_word' id='word_1_11' title='bbox 825 278 905 319; x_wconf 84' lang='lat' dir='ltr'>Sed</span> <span class='ocrx_word' id='word_1_12' title='bbox 955 279 988 318; x_wconf 90' lang='lat' dir='ltr'>si</span> <span class='ocrx_word' id='word_1_13' title='bbox 1038 279 1314 319; x_wconf 79' lang='lat' dir='ltr'>necessitates</span> <span class='ocrx_word' id='word_1_14' title='bbox 1362 278 1540 318; x_wconf 88' lang='lat' dir='ltr'>ultimae</span> 
     </span>
     <span class='ocr_line' id='line_1_6' title="bbox 142 344 1540 393; baseline 0 -9"><span class='ocrx_word' id='word_1_15' title='bbox 142 345 383 393; x_wconf 84' lang='lat' dir='ltr'>inciderint,</span> <span class='ocrx_word' id='word_1_16' title='bbox 406 345 660 384; x_wconf 87' lang='lat' dir='ltr'>iamdudum</span> <span class='ocrx_word' id='word_1_17' title='bbox 687 344 852 384; x_wconf 84' lang='lat' dir='ltr'>exsiliet</span> <span class='ocrx_word' id='word_1_18' title='bbox 878 357 900 384; x_wconf 95' lang='lat' dir='ltr'>e</span> <span class='ocrx_word' id='word_1_19' title='bbox 927 345 1017 384; x_wconf 89' lang='lat' dir='ltr'>vita</span> <span class='ocrx_word' id='word_1_20' title='bbox 1043 349 1086 384; x_wconf 93' lang='lat' dir='ltr'>et</span> <span class='ocrx_word' id='word_1_21' title='bbox 1113 345 1319 384; x_wconf 87' lang='lat' dir='ltr'>molestus</span> <span class='ocrx_word' id='word_1_22' title='bbox 1344 344 1423 384; x_wconf 88' lang='lat' dir='ltr'>sibi</span> <span class='ocrx_word' id='word_1_23' title='bbox 1450 358 1540 384; x_wconf 90' lang='lat' dir='ltr'>esse</span> 
     </span>
     <span class='ocr_line' id='line_1_7' title="bbox 141 411 1539 461; baseline -0.001 -10"><span class='ocrx_word' id='word_1_24' title='bbox 141 411 320 451; x_wconf 89' lang='lat' dir='ltr'>desinet.</span> <span class='ocrx_word' id='word_1_25' title='bbox 382 411 424 451; x_wconf 79' lang='lat' dir='ltr'>Si</span> <span class='ocrx_word' id='word_1_26' title='bbox 457 424 556 450; x_wconf 90' lang='lat' dir='ltr'>vero</span> <span class='ocrx_word' id='word_1_27' title='bbox 588 411 790 461; x_wconf 80' lang='lat' dir='ltr'>exiguum</span> <span class='ocrx_word' id='word_1_28' title='bbox 822 411 901 450; x_wconf 90' lang='lat' dir='ltr'>erit</span> <span class='ocrx_word' id='word_1_29' title='bbox 933 415 976 450; x_wconf 89' lang='lat' dir='ltr'>et</span> <span class='ocrx_word' id='word_1_30' title='bbox 1007 416 1254 461; x_wconf 81' lang='lat' dir='ltr'>angustum,</span> <span class='ocrx_word' id='word_1_31' title='bbox 1288 423 1372 461; x_wconf 91' lang='lat' dir='ltr'>quo</span> <span class='ocrx_word' id='word_1_32' title='bbox 1404 411 1539 461; x_wconf 88' lang='lat' dir='ltr'>possit</span> 
     </span>
     <span class='ocr_line' id='line_1_8' title="bbox 147 476 1539 528; baseline 0 -12"><span class='ocrx_word' id='word_1_33' title='bbox 147 478 234 517; x_wconf 85' lang='lat' dir='ltr'>vita</span> <span class='ocrx_word' id='word_1_34' title='bbox 252 477 445 528; x_wconf 79' lang='lat' dir='ltr'>produci,</span> <span class='ocrx_word' id='word_1_35' title='bbox 463 478 505 517; x_wconf 94' lang='lat' dir='ltr'>id</span> <span class='ocrx_word' id='word_1_36' title='bbox 525 477 624 516; x_wconf 90' lang='lat' dir='ltr'>boni</span> <span class='ocrx_word' id='word_1_37' title='bbox 645 476 836 516; x_wconf 88' lang='lat' dir='ltr'>consulet</span> <span class='ocrx_word' id='word_1_38' title='bbox 855 490 930 517; x_wconf 91' lang='lat' dir='ltr'>nec</span> <span class='ocrx_word' id='word_1_39' title='bbox 948 477 1061 516; x_wconf 90' lang='lat' dir='ltr'>ultra</span> <span class='ocrx_word' id='word_1_40' title='bbox 1079 477 1315 517; x_wconf 88' lang='lat' dir='ltr'>necessaria</span> <span class='ocrx_word' id='word_1_41' title='bbox 1333 476 1539 516; x_wconf 84' lang='lat' dir='ltr'>sollicitus</span> 
     </span>
     <span class='ocr_line' id='line_1_9' title="bbox 142 543 1539 593; baseline 0 -11"><span class='ocrx_word' id='word_1_42' title='bbox 142 548 218 583; x_wconf 88' lang='lat' dir='ltr'>aut</span> <span class='ocrx_word' id='word_1_43' title='bbox 241 543 395 583; x_wconf 83' lang='lat' dir='ltr'>anxius</span> <span class='ocrx_word' id='word_1_44' title='bbox 418 543 558 583; x_wconf 87' lang='lat' dir='ltr'>ventri</span> <span class='ocrx_word' id='word_1_45' title='bbox 580 547 623 583; x_wconf 92' lang='lat' dir='ltr'>et</span> <span class='ocrx_word' id='word_1_46' title='bbox 645 543 829 593; x_wconf 87' lang='lat' dir='ltr'>scapulis</span> <span class='ocrx_word' id='word_1_47' title='bbox 851 556 976 583; x_wconf 90' lang='lat' dir='ltr'>suum</span> <span class='ocrx_word' id='word_1_48' title='bbox 999 544 1148 583; x_wconf 89' lang='lat' dir='ltr'>reddet</span> <span class='ocrx_word' id='word_1_49' title='bbox 1169 547 1212 583; x_wconf 94' lang='lat' dir='ltr'>et</span> <span class='ocrx_word' id='word_1_50' title='bbox 1235 543 1539 593; x_wconf 82' lang='lat' dir='ltr'>occupationes</span> 
     </span>
     <span class='ocr_line' id='line_1_10' title="bbox 141 609 1539 660; baseline -0.001 -10"><span class='ocrx_word' id='word_1_51' title='bbox 141 610 328 650; x_wconf 83' lang='lat' dir='ltr'>divitum</span> <span class='ocrx_word' id='word_1_52' title='bbox 361 610 793 660; x_wconf 86' lang='lat' dir='ltr'>concursationesque</span> <span class='ocrx_word' id='word_1_53' title='bbox 832 610 886 649; x_wconf 88' lang='lat' dir='ltr'>ad</span> <span class='ocrx_word' id='word_1_54' title='bbox 925 609 1100 649; x_wconf 78' lang='lat' dir='ltr'>divitias</span> <span class='ocrx_word' id='word_1_55' title='bbox 1138 611 1335 649; x_wconf 91' lang='lat' dir='ltr'>euntium</span> <span class='ocrx_word' id='word_1_56' title='bbox 1366 622 1539 649; x_wconf 86' lang='lat' dir='ltr'>securus</span> 
     </span>
     <span class='ocr_line' id='line_1_11' title="bbox 142 675 1549 727; baseline -0.001 -12"><span class='ocrx_word' id='word_1_57' title='bbox 142 676 364 727; x_wconf 86' lang='lat' dir='ltr'>laetusque</span> <span class='ocrx_word' id='word_1_58' title='bbox 384 676 539 716; x_wconf 87' lang='lat' dir='ltr'>ridebit</span> <span class='ocrx_word' id='word_1_59' title='bbox 555 688 603 716; x_wconf 87' lang='lat' dir='ltr'>ac</span> <span class='ocrx_word' id='word_1_60' title='bbox 619 676 754 715; x_wconf 88' lang='lat' dir='ltr'>dicet:</span> <span class='ocrx_word' id='word_1_61' title='bbox 789 675 922 724; x_wconf 82' lang='lat' dir='ltr'>‘Quid</span> <span class='ocrx_word' id='word_1_62' title='bbox 943 676 985 714; x_wconf 92' lang='lat' dir='ltr'>in</span> <span class='ocrx_word' id='word_1_63' title='bbox 1006 676 1178 726; x_wconf 84' lang='lat' dir='ltr'>longum</span> <span class='ocrx_word' id='word_1_64' title='bbox 1199 676 1287 727; x_wconf 87' lang='lat' dir='ltr'>ipse</span> <span class='ocrx_word' id='word_1_65' title='bbox 1305 680 1347 715; x_wconf 93' lang='lat' dir='ltr'>te</span> <span class='ocrx_word' id='word_1_66' title='bbox 1363 675 1507 715; x_wconf 82' lang='lat' dir='ltr'>differs</span> <span class='ocrx_word' id='word_1_67' title='bbox 1521 676 1549 727; x_wconf 15' lang='grc' dir='ltr'>’.ΡΛ</span> 
     </span>
     <span class='ocr_line' id='line_1_12' title="bbox 141 742 1537 793; baseline -0.001 -12"><span class='ocrx_word' id='word_1_68' title='bbox 141 742 480 793; x_wconf 79' lang='lat' dir='ltr'>Exspectabisne</span> <span class='ocrx_word' id='word_1_69' title='bbox 497 743 654 782; x_wconf 81' lang='lat' dir='ltr'>fenoris</span> <span class='ocrx_word' id='word_1_70' title='bbox 672 746 900 793; x_wconf 88' lang='lat' dir='ltr'>quaestum</span> <span class='ocrx_word' id='word_1_71' title='bbox 918 747 994 782; x_wconf 89' lang='lat' dir='ltr'>aut</span> <span class='ocrx_word' id='word_1_72' title='bbox 1010 756 1064 782; x_wconf 84' lang='lat' dir='ltr'>ex</span> <span class='ocrx_word' id='word_1_73' title='bbox 1080 755 1218 783; x_wconf 92' lang='lat' dir='ltr'>merce</span> <span class='ocrx_word' id='word_1_74' title='bbox 1236 742 1537 792; x_wconf 88' lang='lat' dir='ltr'>compendium</span> 
     </span>
     <span class='ocr_line' id='line_1_13' title="bbox 141 808 1538 859; baseline -0.001 -11"><span class='ocrx_word' id='word_1_75' title='bbox 141 813 217 849; x_wconf 89' lang='lat' dir='ltr'>aut</span> <span class='ocrx_word' id='word_1_76' title='bbox 254 808 424 848; x_wconf 88' lang='lat' dir='ltr'>tabulas</span> <span class='ocrx_word' id='word_1_77' title='bbox 460 808 575 849; x_wconf 91' lang='lat' dir='ltr'>beati</span> <span class='ocrx_word' id='word_1_78' title='bbox 612 809 736 857; x_wconf 88' lang='lat' dir='ltr'>senis,</span> <span class='ocrx_word' id='word_1_79' title='bbox 775 822 870 849; x_wconf 90' lang='lat' dir='ltr'>cum</span> <span class='ocrx_word' id='word_1_80' title='bbox 907 809 995 849; x_wconf 91' lang='lat' dir='ltr'>fieri</span> <span class='ocrx_word' id='word_1_81' title='bbox 1031 809 1166 859; x_wconf 90' lang='lat' dir='ltr'>possis</span> <span class='ocrx_word' id='word_1_82' title='bbox 1201 809 1351 848; x_wconf 87' lang='lat' dir='ltr'>statim</span> <span class='ocrx_word' id='word_1_83' title='bbox 1386 809 1538 848; x_wconf 83' lang='lat' dir='ltr'>dives?</span> 
     </span>
     <span class='ocr_line' id='line_1_14' title="bbox 141 875 1537 926; baseline 0 -12"><span class='ocrx_word' id='word_1_84' title='bbox 141 875 456 926; x_wconf 86' lang='lat' dir='ltr'>Repraesentat</span> <span class='ocrx_word' id='word_1_85' title='bbox 478 888 579 926; x_wconf 89' lang='lat' dir='ltr'>opes</span> <span class='ocrx_word' id='word_1_86' title='bbox 601 876 826 926; x_wconf 83' lang='lat' dir='ltr'>sapientia,</span> <span class='ocrx_word' id='word_1_87' title='bbox 850 888 970 926; x_wconf 89' lang='lat' dir='ltr'>quas,</span> <span class='ocrx_word' id='word_1_88' title='bbox 995 876 1248 926; x_wconf 88' lang='lat' dir='ltr'>cuicumque</span> <span class='ocrx_word' id='word_1_89' title='bbox 1270 875 1371 914; x_wconf 86' lang='lat' dir='ltr'>fecit</span> <span class='ocrx_word' id='word_1_90' title='bbox 1393 887 1537 925; x_wconf 92' lang='lat' dir='ltr'>super-</span> 
     </span>
     <span class='ocr_line' id='line_1_15' title="bbox 141 941 1538 992; baseline -0.001 -11"><span class='ocrx_word' id='word_1_91' title='bbox 141 954 314 989; x_wconf 87' lang='lat' dir='ltr'>vacuas,</span> <span class='ocrx_word' id='word_1_92' title='bbox 339 941 488 981; x_wconf 87' lang='lat' dir='ltr'>dedit.’</span> <span class='ocrx_word' id='word_1_93' title='bbox 550 942 668 981; x_wconf 89' lang='lat' dir='ltr'>Haec</span> <span class='ocrx_word' id='word_1_94' title='bbox 692 942 746 981; x_wconf 91' lang='lat' dir='ltr'>ad</span> <span class='ocrx_word' id='word_1_95' title='bbox 772 942 876 981; x_wconf 86' lang='lat' dir='ltr'>alios</span> <span class='ocrx_word' id='word_1_96' title='bbox 900 942 1139 992; x_wconf 89' lang='lat' dir='ltr'>pertinent:</span> <span class='ocrx_word' id='word_1_97' title='bbox 1180 946 1227 981; x_wconf 91' lang='lat' dir='ltr'>tu</span> <span class='ocrx_word' id='word_1_98' title='bbox 1253 941 1538 992; x_wconf 85' lang='lat' dir='ltr'>locupletibus</span> 
     </span>
     <span class='ocr_line' id='line_1_16' title="bbox 140 1007 1537 1058; baseline 0 -11"><span class='ocrx_word' id='word_1_99' title='bbox 140 1008 313 1058; x_wconf 88' lang='lat' dir='ltr'>propior</span> <span class='ocrx_word' id='word_1_100' title='bbox 357 1021 412 1047; x_wconf 90' lang='lat' dir='ltr'>es.</span> <span class='ocrx_word' id='word_1_101' title='bbox 474 1008 699 1048; x_wconf 81' lang='lat' dir='ltr'>Saeculum</span> <span class='ocrx_word' id='word_1_102' title='bbox 746 1012 882 1057; x_wconf 89' lang='lat' dir='ltr'>muta,</span> <span class='ocrx_word' id='word_1_103' title='bbox 929 1008 1054 1048; x_wconf 89' lang='lat' dir='ltr'>nimis</span> <span class='ocrx_word' id='word_1_104' title='bbox 1100 1007 1244 1048; x_wconf 89' lang='lat' dir='ltr'>habes.</span> <span class='ocrx_word' id='word_1_105' title='bbox 1306 1008 1427 1048; x_wconf 89' lang='lat' dir='ltr'>Idem</span> <span class='ocrx_word' id='word_1_106' title='bbox 1472 1011 1537 1047; x_wconf 91' lang='lat' dir='ltr'>est</span> 
     </span>
     <span class='ocr_line' id='line_1_17' title="bbox 140 1075 941 1126; baseline 0.001 -13"><span class='ocrx_word' id='word_1_107' title='bbox 140 1079 286 1114; x_wconf 90' lang='lat' dir='ltr'>autem</span> <span class='ocrx_word' id='word_1_108' title='bbox 306 1075 421 1113; x_wconf 92' lang='lat' dir='ltr'>omni</span> <span class='ocrx_word' id='word_1_109' title='bbox 440 1075 623 1122; x_wconf 88' lang='lat' dir='ltr'>saeculo,</span> <span class='ocrx_word' id='word_1_110' title='bbox 644 1075 758 1126; x_wconf 91' lang='lat' dir='ltr'>quod</span> <span class='ocrx_word' id='word_1_111' title='bbox 778 1079 845 1114; x_wconf 88' lang='lat' dir='ltr'>sat</span> <span class='ocrx_word' id='word_1_112' title='bbox 863 1079 941 1115; x_wconf 89' lang='lat' dir='ltr'>est.</span> 
     </span>
    </p>

    <p class='ocr_par' dir='ltr' id='par_1_6' title="bbox 134 1140 1537 1973">
     <span class='ocr_line' id='line_1_18' title="bbox 196 1140 1537 1192; baseline 0.001 -14"><span class='ocrx_word' id='word_1_113' title='bbox 196 1141 396 1180; x_wconf 86' lang='lat' dir='ltr'>Poteram</span> <span class='ocrx_word' id='word_1_114' title='bbox 439 1140 519 1180; x_wconf 84' lang='lat' dir='ltr'>hoc</span> <span class='ocrx_word' id='word_1_115' title='bbox 562 1141 652 1180; x_wconf 89' lang='lat' dir='ltr'>loco</span> <span class='ocrx_word' id='word_1_116' title='bbox 694 1141 923 1192; x_wconf 90' lang='lat' dir='ltr'>epistulam</span> <span class='ocrx_word' id='word_1_117' title='bbox 968 1141 1176 1190; x_wconf 86' lang='lat' dir='ltr'>claudere,</span> <span class='ocrx_word' id='word_1_118' title='bbox 1220 1142 1299 1180; x_wconf 87' lang='lat' dir='ltr'>nisi</span> <span class='ocrx_word' id='word_1_119' title='bbox 1342 1145 1384 1181; x_wconf 91' lang='lat' dir='ltr'>te</span> <span class='ocrx_word' id='word_1_120' title='bbox 1426 1141 1537 1180; x_wconf 90' lang='lat' dir='ltr'>male</span> 
     </span>
     <span class='ocr_line' id='line_1_19' title="bbox 140 1207 1535 1259; baseline 0.001 -14"><span class='ocrx_word' id='word_1_121' title='bbox 140 1207 434 1247; x_wconf 90' lang='lat' dir='ltr'>instituissem.</span> <span class='ocrx_word' id='word_1_122' title='bbox 495 1207 632 1257; x_wconf 85' lang='lat' dir='ltr'>Reges</span> <span class='ocrx_word' id='word_1_123' title='bbox 679 1207 938 1247; x_wconf 89' lang='lat' dir='ltr'>Parthorum</span> <span class='ocrx_word' id='word_1_124' title='bbox 985 1221 1069 1247; x_wconf 91' lang='lat' dir='ltr'>non</span> <span class='ocrx_word' id='word_1_125' title='bbox 1116 1211 1261 1258; x_wconf 89' lang='lat' dir='ltr'>potest</span> <span class='ocrx_word' id='word_1_126' title='bbox 1306 1208 1535 1259; x_wconf 89' lang='lat' dir='ltr'>quisquam</span> 
     </span>
     <span class='ocr_line' id='line_1_20' title="bbox 139 1273 1534 1324; baseline 0.001 -13"><span class='ocrx_word' id='word_1_127' title='bbox 139 1273 326 1313; x_wconf 89' lang='lat' dir='ltr'>salutare</span> <span class='ocrx_word' id='word_1_128' title='bbox 363 1273 453 1313; x_wconf 92' lang='lat' dir='ltr'>sine</span> <span class='ocrx_word' id='word_1_129' title='bbox 490 1287 685 1314; x_wconf 89' lang='lat' dir='ltr'>munere:</span> <span class='ocrx_word' id='word_1_130' title='bbox 740 1274 818 1314; x_wconf 93' lang='lat' dir='ltr'>tibi</span> <span class='ocrx_word' id='word_1_131' title='bbox 856 1274 1092 1314; x_wconf 86' lang='lat' dir='ltr'>valedicere</span> <span class='ocrx_word' id='word_1_132' title='bbox 1130 1288 1215 1313; x_wconf 93' lang='lat' dir='ltr'>non</span> <span class='ocrx_word' id='word_1_133' title='bbox 1253 1274 1350 1314; x_wconf 85' lang='lat' dir='ltr'>licet</span> <span class='ocrx_word' id='word_1_134' title='bbox 1388 1274 1534 1324; x_wconf 83' lang='lat' dir='ltr'>gratis.</span> 
     </span>
     <span class='ocr_line' id='line_1_21' title="bbox 134 1338 1536 1391; baseline 0.001 -13"><span class='ocrx_word' id='word_1_135' title='bbox 134 1338 250 1387; x_wconf 78' lang='lat' dir='ltr'>Quid</span> <span class='ocrx_word' id='word_1_136' title='bbox 306 1339 431 1379; x_wconf 86' lang='lat' dir='ltr'>istic?</span> <span class='ocrx_word' id='word_1_137' title='bbox 490 1340 557 1379; x_wconf 94' lang='lat' dir='ltr'>Ab</span> <span class='ocrx_word' id='word_1_138' title='bbox 612 1340 797 1391; x_wconf 86' lang='lat' dir='ltr'>Epicuro</span> <span class='ocrx_word' id='word_1_139' title='bbox 852 1345 1053 1381; x_wconf 88' lang='lat' dir='ltr'>mutuum</span> <span class='ocrx_word' id='word_1_140' title='bbox 1108 1354 1298 1380; x_wconf 90' lang='lat' dir='ltr'>sumam:</span> <span class='ocrx_word' id='word_1_141' title='bbox 1368 1340 1536 1380; x_wconf 85' lang='lat' dir='ltr'>‘multis</span> 
     </span>
     <span class='ocr_line' id='line_1_22' title="bbox 139 1406 1534 1455; baseline 0.001 -11"><span class='ocrx_word' id='word_1_142' title='bbox 139 1418 310 1455; x_wconf 88' lang='lat' dir='ltr'>parasse</span> <span class='ocrx_word' id='word_1_143' title='bbox 340 1406 515 1445; x_wconf 87' lang='lat' dir='ltr'>divitias</span> <span class='ocrx_word' id='word_1_144' title='bbox 547 1420 631 1445; x_wconf 94' lang='lat' dir='ltr'>non</span> <span class='ocrx_word' id='word_1_145' title='bbox 663 1407 757 1445; x_wconf 88' lang='lat' dir='ltr'>finis</span> <span class='ocrx_word' id='word_1_146' title='bbox 787 1407 1053 1447; x_wconf 90' lang='lat' dir='ltr'>miseriarum</span> <span class='ocrx_word' id='word_1_147' title='bbox 1085 1408 1182 1455; x_wconf 87' lang='lat' dir='ltr'>fuit,</span> <span class='ocrx_word' id='word_1_148' title='bbox 1214 1407 1285 1447; x_wconf 87' lang='lat' dir='ltr'>sed</span> <span class='ocrx_word' id='word_1_149' title='bbox 1317 1407 1534 1446; x_wconf 89' lang='lat' dir='ltr'>mutatio.&#39;</span> 
     </span>
     <span class='ocr_line' id='line_1_23' title="bbox 140 1470 1536 1523; baseline 0.002 -14"><span class='ocrx_word' id='word_1_150' title='bbox 140 1471 226 1511; x_wconf 86' lang='lat' dir='ltr'>Nec</span> <span class='ocrx_word' id='word_1_151' title='bbox 244 1470 324 1511; x_wconf 84' lang='lat' dir='ltr'>hoe</span> <span class='ocrx_word' id='word_1_152' title='bbox 342 1472 484 1511; x_wconf 88' lang='lat' dir='ltr'>miror.</span> <span class='ocrx_word' id='word_1_153' title='bbox 547 1473 643 1511; x_wconf 93' lang='lat' dir='ltr'>Non</span> <span class='ocrx_word' id='word_1_154' title='bbox 660 1478 725 1513; x_wconf 87' lang='lat' dir='ltr'>est</span> <span class='ocrx_word' id='word_1_155' title='bbox 742 1474 854 1513; x_wconf 90' lang='lat' dir='ltr'>enim</span> <span class='ocrx_word' id='word_1_156' title='bbox 880 1474 922 1512; x_wconf 92' lang='lat' dir='ltr'>in</span> <span class='ocrx_word' id='word_1_157' title='bbox 947 1473 1072 1513; x_wconf 89' lang='lat' dir='ltr'>rebus</span> <span class='ocrx_word' id='word_1_158' title='bbox 1090 1474 1260 1521; x_wconf 82' lang='lat' dir='ltr'>vitium,</span> <span class='ocrx_word' id='word_1_159' title='bbox 1279 1474 1351 1513; x_wconf 90' lang='lat' dir='ltr'>sed</span> <span class='ocrx_word' id='word_1_160' title='bbox 1376 1473 1419 1512; x_wconf 92' lang='lat' dir='ltr'>in</span> <span class='ocrx_word' id='word_1_161' title='bbox 1443 1473 1536 1523; x_wconf 87' lang='lat' dir='ltr'>ipso</span> 
     </span>
     <span class='ocr_line' id='line_1_24' title="bbox 137 1537 1534 1590; baseline 0.002 -14"><span class='ocrx_word' id='word_1_162' title='bbox 137 1537 295 1576; x_wconf 88' lang='lat' dir='ltr'>animo.</span> <span class='ocrx_word' id='word_1_163' title='bbox 357 1537 483 1586; x_wconf 91' lang='lat' dir='ltr'>Illud,</span> <span class='ocrx_word' id='word_1_164' title='bbox 517 1539 631 1589; x_wconf 91' lang='lat' dir='ltr'>quod</span> <span class='ocrx_word' id='word_1_165' title='bbox 665 1544 967 1590; x_wconf 85' lang='lat' dir='ltr'>paupertatem</span> <span class='ocrx_word' id='word_1_166' title='bbox 1000 1540 1122 1579; x_wconf 87' lang='lat' dir='ltr'>nobis</span> <span class='ocrx_word' id='word_1_167' title='bbox 1154 1553 1328 1590; x_wconf 81' lang='lat' dir='ltr'>gravem</span> <span class='ocrx_word' id='word_1_168' title='bbox 1360 1540 1534 1587; x_wconf 83' lang='lat' dir='ltr'>fecerat,</span> 
     </span>
     <span class='ocr_line' id='line_1_25' title="bbox 136 1603 1533 1655; baseline 0.002 -14"><span class='ocrx_word' id='word_1_169' title='bbox 136 1607 180 1642; x_wconf 90' lang='lat' dir='ltr'>et</span> <span class='ocrx_word' id='word_1_170' title='bbox 225 1603 400 1643; x_wconf 85' lang='lat' dir='ltr'>divitias</span> <span class='ocrx_word' id='word_1_171' title='bbox 445 1617 596 1654; x_wconf 83' lang='lat' dir='ltr'>graves</span> <span class='ocrx_word' id='word_1_172' title='bbox 642 1605 756 1645; x_wconf 86' lang='lat' dir='ltr'>fecit.</span> <span class='ocrx_word' id='word_1_173' title='bbox 818 1606 1194 1655; x_wconf 82' lang='lat' dir='ltr'>Quemadmodum</span> <span class='ocrx_word' id='word_1_174' title='bbox 1241 1605 1344 1644; x_wconf 91' lang='lat' dir='ltr'>nihil</span> <span class='ocrx_word' id='word_1_175' title='bbox 1391 1605 1533 1652; x_wconf 84' lang='lat' dir='ltr'>refert,</span> 
     </span>
     <span class='ocr_line' id='line_1_26' title="bbox 137 1670 1534 1723; baseline 0.001 -15"><span class='ocrx_word' id='word_1_176' title='bbox 137 1674 282 1708; x_wconf 89' lang='lat' dir='ltr'>utrum</span> <span class='ocrx_word' id='word_1_177' title='bbox 312 1683 486 1720; x_wconf 85' lang='lat' dir='ltr'>aegrum</span> <span class='ocrx_word' id='word_1_178' title='bbox 515 1671 557 1709; x_wconf 92' lang='lat' dir='ltr'>in</span> <span class='ocrx_word' id='word_1_179' title='bbox 587 1670 723 1721; x_wconf 83' lang='lat' dir='ltr'>ligneo</span> <span class='ocrx_word' id='word_1_180' title='bbox 753 1671 861 1711; x_wconf 86' lang='lat' dir='ltr'>lecto</span> <span class='ocrx_word' id='word_1_181' title='bbox 890 1686 944 1711; x_wconf 85' lang='lat' dir='ltr'>an</span> <span class='ocrx_word' id='word_1_182' title='bbox 973 1673 1015 1711; x_wconf 91' lang='lat' dir='ltr'>in</span> <span class='ocrx_word' id='word_1_183' title='bbox 1044 1685 1172 1712; x_wconf 91' lang='lat' dir='ltr'>aureo</span> <span class='ocrx_word' id='word_1_184' title='bbox 1203 1671 1401 1712; x_wconf 90' lang='lat' dir='ltr'>colloces:</span> <span class='ocrx_word' id='word_1_185' title='bbox 1430 1684 1534 1723; x_wconf 91' lang='lat' dir='ltr'>quo-</span> 
     </span>
     <span class='ocr_line' id='line_1_27' title="bbox 137 1736 1535 1787; baseline 0.001 -13"><span class='ocrx_word' id='word_1_186' title='bbox 137 1748 319 1787; x_wconf 87' lang='lat' dir='ltr'>cumque</span> <span class='ocrx_word' id='word_1_187' title='bbox 353 1736 471 1775; x_wconf 91' lang='lat' dir='ltr'>illum</span> <span class='ocrx_word' id='word_1_188' title='bbox 507 1737 790 1785; x_wconf 87' lang='lat' dir='ltr'>transtuleris,</span> <span class='ocrx_word' id='word_1_189' title='bbox 825 1738 1024 1777; x_wconf 91' lang='lat' dir='ltr'>morbum</span> <span class='ocrx_word' id='word_1_190' title='bbox 1058 1751 1201 1778; x_wconf 91' lang='lat' dir='ltr'>secum</span> <span class='ocrx_word' id='word_1_191' title='bbox 1235 1750 1361 1777; x_wconf 89' lang='lat' dir='ltr'>suum</span> <span class='ocrx_word' id='word_1_192' title='bbox 1397 1742 1535 1777; x_wconf 90' lang='lat' dir='ltr'>trans-</span> 
     </span>
     <span class='ocr_line' id='line_1_28' title="bbox 135 1802 1535 1854; baseline 0.001 -14"><span class='ocrx_word' id='word_1_193' title='bbox 135 1802 262 1841; x_wconf 88' lang='lat' dir='ltr'>feret:</span> <span class='ocrx_word' id='word_1_194' title='bbox 306 1803 365 1841; x_wconf 88' lang='lat' dir='ltr'>sic</span> <span class='ocrx_word' id='word_1_195' title='bbox 393 1802 496 1842; x_wconf 90' lang='lat' dir='ltr'>nihil</span> <span class='ocrx_word' id='word_1_196' title='bbox 526 1804 668 1852; x_wconf 86' lang='lat' dir='ltr'>refert,</span> <span class='ocrx_word' id='word_1_197' title='bbox 696 1807 845 1843; x_wconf 91' lang='lat' dir='ltr'>utrum</span> <span class='ocrx_word' id='word_1_198' title='bbox 873 1817 997 1854; x_wconf 81' lang='lat' dir='ltr'>aeger</span> <span class='ocrx_word' id='word_1_199' title='bbox 1023 1805 1192 1844; x_wconf 88' lang='lat' dir='ltr'>animus</span> <span class='ocrx_word' id='word_1_200' title='bbox 1219 1804 1261 1843; x_wconf 91' lang='lat' dir='ltr'>in</span> <span class='ocrx_word' id='word_1_201' title='bbox 1289 1804 1453 1844; x_wconf 89' lang='lat' dir='ltr'>divitiis</span> <span class='ocrx_word' id='word_1_202' title='bbox 1479 1816 1535 1842; x_wconf 90' lang='lat' dir='ltr'>an</span> 
     </span>
     <span class='ocr_line' id='line_1_29' title="bbox 134 1868 1533 1922; baseline 0.001 -16"><span class='ocrx_word' id='word_1_203' title='bbox 134 1868 176 1906; x_wconf 90' lang='lat' dir='ltr'>in</span> <span class='ocrx_word' id='word_1_204' title='bbox 221 1873 479 1919; x_wconf 86' lang='lat' dir='ltr'>paupertate</span> <span class='ocrx_word' id='word_1_205' title='bbox 523 1874 724 1921; x_wconf 89' lang='lat' dir='ltr'>ponatur.</span> <span class='ocrx_word' id='word_1_206' title='bbox 787 1870 948 1912; x_wconf 90' lang='lat' dir='ltr'>Malum</span> <span class='ocrx_word' id='word_1_207' title='bbox 992 1870 1111 1911; x_wconf 89' lang='lat' dir='ltr'>illum</span> <span class='ocrx_word' id='word_1_208' title='bbox 1156 1883 1282 1911; x_wconf 88' lang='lat' dir='ltr'>suum</span> <span class='ocrx_word' id='word_1_209' title='bbox 1326 1870 1533 1922; x_wconf 87' lang='lat' dir='ltr'>sequitur.</span> 
     </span>
     <span class='ocr_line' id='line_1_30' title="bbox 135 1934 272 1973; baseline 0.007 -1"><span class='ocrx_word' id='word_1_210' title='bbox 135 1934 272 1973; x_wconf 79' lang='lat' dir='ltr'><strong>VALE.</strong></span> 
     </span>
    </p>
   </div>
   <div class='ocr_carea' id='block_1_6' title="bbox 427 2016 1182 2147">
    <p class='ocr_par' dir='ltr' id='par_1_7' title="bbox 427 2016 1182 2147">
     <span class='ocr_line' id='line_1_31' title="bbox 557 2016 1039 2058; baseline 0.006 -4"><span class='ocrx_word' id='word_1_211' title='bbox 557 2016 843 2057; x_wconf 81' lang='lat' dir='ltr'>EPISTULA</span> <span class='ocrx_word' id='word_1_212' title='bbox 885 2017 1039 2058; x_wconf 87' lang='lat' dir='ltr'>XVIII</span> 
     </span>
     <span class='ocr_line' id='line_1_32' title="bbox 427 2100 1182 2147; baseline 0.007 -6"><span class='ocrx_word' id='word_1_213' title='bbox 427 2100 607 2143; x_wconf 76' lang='lat' dir='ltr'>SENECA</span> <span class='ocrx_word' id='word_1_214' title='bbox 639 2105 828 2145; x_wconf 81' lang='lat' dir='ltr'>LUCILIO</span> <span class='ocrx_word' id='word_1_215' title='bbox 858 2118 943 2145; x_wconf 84' lang='lat' dir='ltr'>suo</span> <span class='ocrx_word' id='word_1_216' title='bbox 973 2118 1182 2147; x_wconf 75' lang='lat' dir='ltr'>SALUTEM</span> 
     </span>
    </p>
   </div>
   <div class='ocr_carea' id='block_1_7' title="bbox 130 2188 1534 2383">
    <p class='ocr_par' dir='ltr' id='par_1_8' title="bbox 130 2188 1534 2383">
     <span class='ocr_line' id='line_1_33' title="bbox 190 2188 1532 2235; baseline 0.004 -8"><span class='ocrx_word' id='word_1_217' title='bbox 190 2188 425 2230; x_wconf 89' lang='lat' dir='ltr'>December</span> <span class='ocrx_word' id='word_1_218' title='bbox 467 2197 531 2232; x_wconf 90' lang='lat' dir='ltr'>est</span> <span class='ocrx_word' id='word_1_219' title='bbox 576 2195 754 2234; x_wconf 89' lang='lat' dir='ltr'>mensis:</span> <span class='ocrx_word' id='word_1_220' title='bbox 816 2209 911 2235; x_wconf 89' lang='lat' dir='ltr'>cum</span> <span class='ocrx_word' id='word_1_221' title='bbox 956 2197 1144 2235; x_wconf 81' lang='lat' dir='ltr'>maxime</span> <span class='ocrx_word' id='word_1_222' title='bbox 1190 2196 1343 2235; x_wconf 85' lang='lat' dir='ltr'>civitas</span> <span class='ocrx_word' id='word_1_223' title='bbox 1386 2196 1532 2235; x_wconf 87' lang='lat' dir='ltr'>sudat.</span> 
     </span>
     <span class='ocr_line' id='line_1_34' title="bbox 133 2254 1534 2312; baseline 0.005 -20"><span class='ocrx_word' id='word_1_224' title='bbox 133 2254 204 2293; x_wconf 87' lang='lat' dir='ltr'>Ius</span> <span class='ocrx_word' id='word_1_225' title='bbox 227 2255 421 2297; x_wconf 83' lang='lat' dir='ltr'>luxuriae</span> <span class='ocrx_word' id='word_1_226' title='bbox 455 2258 651 2307; x_wconf 88' lang='lat' dir='ltr'>publicae</span> <span class='ocrx_word' id='word_1_227' title='bbox 685 2260 839 2301; x_wconf 86' lang='lat' dir='ltr'>datum</span> <span class='ocrx_word' id='word_1_228' title='bbox 873 2266 951 2302; x_wconf 89' lang='lat' dir='ltr'>est.</span> <span class='ocrx_word' id='word_1_229' title='bbox 1014 2262 1183 2312; x_wconf 78' lang='lat' dir='ltr'>Ingenti</span> <span class='ocrx_word' id='word_1_230' title='bbox 1219 2266 1432 2312; x_wconf 84' lang='lat' dir='ltr'>apparatu</span> <span class='ocrx_word' id='word_1_231' title='bbox 1466 2274 1534 2299; x_wconf 85' lang='lat' dir='ltr'>so-</span> 
     </span>
     <span class='ocr_line' id='line_1_35' title="bbox 130 2323 1532 2383; baseline 0.006 -25"><span class='ocrx_word' id='word_1_232' title='bbox 130 2325 237 2360; x_wconf 89' lang='lat' dir='ltr'>nant</span> <span class='ocrx_word' id='word_1_233' title='bbox 269 2323 427 2371; x_wconf 89' lang='lat' dir='ltr'>omnia,</span> <span class='ocrx_word' id='word_1_234' title='bbox 461 2328 687 2376; x_wconf 88' lang='lat' dir='ltr'>tamquam</span> <span class='ocrx_word' id='word_1_235' title='bbox 721 2328 956 2383; x_wconf 77' lang='lat' dir='ltr'>quicquam</span> <span class='ocrx_word' id='word_1_236' title='bbox 987 2328 1098 2371; x_wconf 86' lang='lat' dir='ltr'>inter</span> <span class='ocrx_word' id='word_1_237' title='bbox 1128 2327 1373 2367; x_wconf 83' lang='lat' dir='ltr'>Saturnalia</span> <span class='ocrx_word' id='word_1_238' title='bbox 1403 2327 1532 2366; x_wconf 87' lang='lat' dir='ltr'>inter-</span> 
     </span>
    </p>
   </div>
   <div class='ocr_carea' id='block_1_8' title="bbox 853 2418 1030 2445">
    <p class='ocr_par' dir='ltr' id='par_1_9' title="bbox 853 2418 1030 2445">
     <span class='ocr_line' id='line_1_36' title="bbox 853 2418 1030 2445; baseline -0.006 -3"><span class='ocrx_word' id='word_1_239' title='bbox 853 2438 873 2445; x_wconf 62' lang='lat'><em>,</em></span> <span class='ocrx_word' id='word_1_240' title='bbox 951 2418 1030 2442; x_wconf 50' lang='lat' dir='ltr'>Q.-</span> 
     </span>
    </p>
   </div>
  </div>
 </body>
</html>
