1667 2524
57 315 94 344 12

124 118 179 160 50
568 119 608 154 L.
644 118 838 153 ANNAEI
873 119 1101 155 SENECAE

123 241 300 293 incipiat
313 255 322 292 ;
362 242 690 291 contendamus,
714 246 861 282 utrum
884 255 962 292 ego
987 242 1157 282 meliore
1180 242 1263 282 fide
1286 241 1365 282 tibi
1389 242 1526 282 vitam

123 309 314 349 dederim
346 322 402 348 an
432 313 481 348 tu
511 309 698 349 debeas.'
759 309 862 348 Post
895 308 972 349 hoo
1003 309 1159 349 detulit
1190 309 1304 348 ultro
1335 308 1528 349 consula-

123 380 217 414 tum
265 380 444 426 questus
494 375 608 427 quod
648 387 733 413 non
773 375 951 415 auderet
990 381 1147 425 petere.
1209 374 1527 414 Amicissimum

123 441 506 492 fidelissimumque
560 440 728 489 habuit,
783 440 903 481 heres
956 441 1070 481 solus
1122 441 1180 480 illi
1233 441 1329 481 fuit.
1391 441 1528 481 Nullis

123 507 307 558 amplius
338 507 503 547 insidiis
534 507 589 547 ab
622 507 709 546 ullo
741 507 903 558 petitus
934 512 1011 548 est.

178 574 233 613 X.
278 574 451 624 Ignovit
476 573 642 614 abavus
665 578 767 614 tuus
790 573 937 623 victis,
976 587 1077 613 nam
1109 574 1143 614 si
1170 587 1256 613 non
1280 574 1527 625 ignovisset,

124 640 280 691 quibus
311 640 597 694 impetrasset?
669 640 921 680 Sallustium
961 644 1003 680 et
1037 640 1235 681 Cocceios
1270 645 1312 681 et
1355 640 1528 680 Deillios

122 711 164 747 et
211 711 353 746 totam
400 706 621 747 cohortem
659 706 823 757 primae
862 706 1132 746 admissionis
1172 720 1225 747 ex
1265 706 1529 747 adversario-

124 786 218 813 rum
244 773 394 813 castris
419 773 693 823 conscripsit;
734 773 820 812 iam
847 773 1075 821 Domitios,
1102 773 1319 821 Messalas,
1345 773 1527 822 Asinios‚

123 839 359 888 Cicerones,
404 839 616 890 quidquid
660 839 774 879 floris
816 843 909 880 erat
953 839 996 879 in
1040 839 1233 889 civitate,
1278 839 1529 880 clementiae

123 919 224 946 suae
259 906 460 946 debebat.
522 906 672 957 Ipsum
710 905 920 956 Lepidum
957 919 1088 957 quam
1124 906 1198 946 diu
1236 906 1342 945 mori
1378 919 1529 957 passus

81 1002 83 1005 -
123 974 212 1013 est!
267 973 347 1013 Per
384 972 557 1012 multos·
588 985 723 1012 annos
760 972 861 1012 tulit
900 976 1155 1013 ornamenta
1192 972 1394 1023 principis
1432 972 1530 1013 reti-

79 2315 96 2344 1

123 1042 298 1079 nentem
331 1043 373 1079 et
408 1038 713 1089 pontificatum
747 1038 985 1078 maximum
1019 1052 1106 1078 non
1138 1038 1219 1079 nisi
1253 1043 1425 1079 mortuo
1457 1038 1529 1078 illo

123 1105 345 1145 transferri
376 1105 420 1144 in
451 1118 494 1145 se
526 1118 677 1155 passus
708 1109 794 1154 est;
843 1105 995 1145 maluit
1026 1105 1140 1145 enim
1172 1105 1292 1145 illum
1324 1104 1529 1145 honorem

124 1171 268 1211 vocari
299 1184 431 1222 quam
461 1171 660 1222 spolium.
722 1171 841 1212 Haec
871 1185 970 1212 eum
1002 1171 1231 1212 clementia
1261 1172 1314 1212 ad
1345 1172 1529 1211 salutem

123 1238 488 1289 securitatemque
526 1237 729 1288 perduxit
742 1251 751 1287 ;
806 1237 909 1278 haec
948 1242 1121 1288 gratum
1161 1252 1208 1278 ac
1247 1238 1529 1278 favorabilem

125 1304 325 1353 reddidit,
357 1304 557 1355 quamvis
588 1305 782 1344 nondum
813 1304 1004 1344 subactis
1040 1304 1189 1355 populi
1225 1304 1413 1344 Romani
1444 1318 1530 1345 cer-

124 1371 290 1411 vicibus
324 1384 500 1410 manum
533 1371 828 1421 imposuisset;
877 1370 980 1411 haec
1006 1370 1219 1422 hodieque
1250 1375 1443 1421 praestat
1470 1370 1530 1410 illi

124 1437 301 1486 famam,
341 1451 451 1488 quae
490 1438 563 1477 vix
602 1437 713 1477 vivis
751 1437 1017 1488 principibus
1055 1437 1200 1478 servit.
1263 1438 1403 1477 Deum
1440 1451 1530 1478 esse

125 1517 210 1543 non
245 1508 473 1555 tamquam
508 1504 610 1543 iussi
647 1504 859 1544 credimus
871 1517 880 1552 ;
931 1504 1093 1544 bonum
1129 1503 1257 1544 fuisse
1294 1503 1530 1554 principem

125 1570 384 1621 Augustum,
415 1571 523 1610 bene
553 1570 611 1609 illi
642 1570 834 1620 parentis
864 1583 1021 1610 nomen
1052 1570 1302 1610 convenisse
1342 1570 1533 1611 fatemur

125 1637 179 1677 ob
213 1637 375 1676 nullam
409 1637 537 1676 aliam
571 1650 761 1685 causam,
795 1650 927 1688 quam
961 1637 1075 1689 quod
1110 1636 1393 1677 contumelias
1426 1650 1531 1688 quo-

125 1716 208 1754 que
241 1716 354 1752 suas,
389 1716 500 1754 quae
534 1703 771 1743 acerbiores
804 1703 1070 1754 principibus
1103 1703 1241 1744 solent
1275 1717 1364 1744 esse
1399 1716 1530 1754 quam

124 1769 318 1818 iniuriae,
351 1770 468 1809 nulla
507 1769 763 1810 crudelitate
801 1770 1134 1821 exsequebatur,
1167 1770 1283 1821 quod
1316 1770 1531 1820 probrosis

124 1835 168 1875 in
202 1849 245 1876 se
279 1836 406 1876 dictis
441 1836 605 1884 adrisit,
640 1836 756 1887 quod
791 1836 893 1877 dare
926 1836 1046 1876 illum
1081 1849 1241 1887 poenas
1276 1837 1530 1887 apparebat,

126 1915 223 1942 cum
264 1902 467 1953 exigeret,
511 1903 641 1953 quod,
685 1916 979 1954 quoscumque
1021 1902 1075 1943 ob
1118 1903 1378 1943 adulterium
1419 1902 1531 1943 filiae

125 1982 227 2009 suae
270 1969 571 2018 damnaverat,
616 1969 723 2009 adeo
767 1983 852 2008 non
896 1969 1066 2018 occidit,
1110 1973 1159 2009 ut
1202 1969 1401 2018 dimissis,
1446 1973 1574 2020 quo*

125 2035 308 2075 tutiores
355 2040 511 2084 essent,
561 2035 802 2086 diplomata
849 2036 984 2076 daret.
1047 2036 1140 2076 Hoc
1189 2040 1252 2076 est
1301 2035 1529 2087 ignoscere,

127 2115 224 2142 cum
259 2102 367 2141 scias
399 2102 557 2143 multos
593 2102 776 2151 futuros,
810 2102 881 2155 qui
918 2116 995 2153 pro
1025 2106 1069 2142 te
1107 2102 1348 2143 irascantur
1373 2106 1417 2142 et
1452 2101 1532 2142 tibi

126 2168 332 2218 sanguine
363 2169 501 2209 alieno
531 2169 841 2219 gratificentur,
873 2182 959 2208 non
989 2169 1090 2209 dare
1126 2173 1301 2209 tantum
1331 2169 1530 2211 salutem.

127 2235 199 2274 sed
219 2239 449 2285 praestare.

183 2301 263 2340 XI.
307 2302 424 2342 Haec
450 2303 671 2351 Augustus
693 2315 821 2343 senex
845 2307 919 2342 aut
944 2302 1028 2342 iam
1053 2302 1095 2341 in
1118 2306 1385 2343 senectutem
1410 2301 1532 2341 annis
