1667 2524
591 150 1065 186 APOCOLOCYNTOSIS
1476 153 1528 193 31

182 268 261 308 IX.
303 268 496 309 Tandem
543 269 637 308 Iovi
683 269 803 309 venit
849 269 892 309 in
937 275 1142 319 mentem,
1188 272 1372 322 privatis
1416 274 1530 313 intra

127 336 288 375 curiam
317 335 589 375 morantibus
619 336 882 376 sententiam
911 337 1050 377 dicere
1081 351 1164 377 rnon
1194 338 1311 378 licere
1341 352 1417 379 nec
1447 340 1530 380 dis-

126 407 293 453 putare.
354 402 497 452 ‘Ego‚'
538 402 694 453 inquit,
729 403 798 441 ίΡ.
839 402 884 442 C.
918 403 1181 454 interrogare
1214 405 1337 445 vobis
1376 407 1529 456 permi-

744 448 882 463 Μ
891 452 894 455 *

124 481 276 515 seram,
306 481 383 507 vos
411 481 528 507 mera
557 468 746 519 mapalia
775 469 949 509 fecistis.
1012 470 1118 510 Volo
1152 476 1201 510 ut
1235 472 1414 512 servetis
1447 473 1529 512 dis-

125 534 325 585 ciplinam
357 535 510 574 curiae.
574 535 655 574 Hic
694 535 1022 587 qualiscumque
1059 542 1138 585 est,
1173 538 1275 589 quid
1315 538 1368 578 de
1407 539 1540 595 nobis>

122 600 460 650 existimabit?
493 601 571 640 Illo
602 601 778 642 dimisso
819 603 983 653 primus
1032 603 1324 654 interrogatur
1360 590 1529 645 senten-

113 656 274 707 Ἔῑαῑῃ
275 667 407 707 Ianus
450 672 587 718 pater.
650 668 692 708 Is
735 668 988 719 designatus
1030 674 1123 710 eiat
1166 670 1210 710 in
1254 670 1337 710 kal.
1399 672 1530 712 Iulias

124 734 487 784 postmeridianus
540 734 701 783 consul,
754 735 884 775 homo
935 737 1220 787 quantumvis
1270 738 1404 787 vafer,
1457 739 1529 790 qui

123 813 290 851 semper
310 801 429 841 videt
460 798 551 850 ἅμα
572 799 754 854 πρόσσω
775 800 849 842 καὶ
871 800 1056 843 ὀπίσσω.
1117 804 1160 853 Is
1190 804 1328 844 multa
1359 805 1529 860 diserte,

124 869 239 924 quod
270 869 313 909 in
335 870 445 910 Foro
476 870 827 931 vivebatssxglixit„
851 885 962 923 quae
993 873 1187 912 notarius
1217 874 1414 925 persequi
1432 869 1533 914 'non

385 917 623 928 -α--ν--ψμ--ψψ

124 936 267 986 potuit
302 941 343 976 et
379 936 474 977 ideo
510 951 597 977 non
632 938 781 987 refero,
818 952 870 979 ne
905 939 998 978 aliis
1034 939 1175 979 verbis
1210 953 1383 990 ponam,
1421 954 1530 992 quae

124 1002 179 1042 ab
208 1002 277 1042 illo
306 1003 423 1043 dicta
444 1009 559 1044 sunt.
621 1004 759 1045 Multa
787 1005 899 1046 dixit
928 1006 981 1046 de
1010 1006 1309 1057 magnitudine
1330 1007 1530 1048 deorum:

126 1082 211 1108 non
248 1069 402 1110 debere
439 1070 553 1111 hunc
591 1071 719 1122 vulgo
757 1072 850 1112 dari
888 1072 1108 1112 honorem.
1170 1073 1334 1122 ‘Olim‚’
1373 1074 1557 1125 inquit„

125 1136 304 1186 ‘magna
332 1150 397 1177 res
424 1142 517 1177 erat
545 1138 828 1185 deumfffieri:v
859 1139 945 1178 iam
974 1140 1137 1179 famam
1166 1140 1347 1179 mimum
1376 1141 1527 1181 fecisti.

125 1196 535 1260 Raq'ue'nervidear
560 1205 603 1244 in
628 1218 871 1256 personam,
899 1219 985 1245 non
1011 1206 1054 1245 in
1081 1219 1169 1252 rem
1195 1207 1334 1247 dicere
1360 1212 1529 1248 senten-

125 1261 246 1323 tiam,
274 1271 1215 1328 censQfflstssuncffidielndeus
1250 1273 1339 1320 fiat.
1358 1287 1415 1320 ‚ex
1450 1273 1528 1323 his,

125 1336 197 1387 qui
222 1334 402 1389 ἀρούρης
425 1334 592 1390 καρπὸν
613 1334 781 1377 ἔδουσιν
812 1343 889 1378 aut
916 1352 971 1379 ex
992 1339 1070 1387 his,
1102 1353 1210 1390 quos
1235 1340 1311 1379 alit
1339 1336 1528 1393 ζείδωρος

124 1402 300 1459 ἄρουρα.
362 1405 443 1455 Qui
489 1411 638 1446 contra
681 1407 760 1447 hoc
803 1412 980 1447 senatus
1017 1408 1261 1448 consultum
1297 1409 1403 1449 deus
1441 1409 1528 1450 fac-

124 1479 209 1524 tus,
237 1475 380 1515 dictus
419 1475 616 1526 pictusve
655 1476 750 1524 erit,
779 1489 878 1516 eum
918 1477 1016 1516 dedi
1058 1477 1208 1517 Laruis
1246 1482 1290 1518 et
1329 1479 1526 1529 proximo

124 1554 299 1588 munere
333 1541 446 1581 inter
479 1555 614 1581 novos
649 1546 899 1582 auctoratos
933 1543 1079 1583 ferulis
1114 1544 1320 1594 vapulare
1355 1544 1526 1595 placet.y

125 1607 352 1647 Proximus
380 1608 671 1658 interrogatur
698 1609 960 1649 sententiam
991 1610 1206 1660 Diespiter
1235 1611 1363 1651 Vicae
1392 1611 1527 1652 Potae

74 1662 75 1665 Ἴ
122 1673 246 1722 filius,
289 1678 332 1714 et
374 1674 464 1725 ipse
506 1675 756 1725 designatus
801 1676 961 1724 consul,
1007 1676 1386 1724 nummulariolus:
1446 1677 1526 1717 hoc

122 1744 306 1791 quaestu
340 1754 383 1781 se
417 1742 674 1790 sustinebat,
710 1743 895 1783 vendere
931 1742 1181 1783 civitatulas
1217 1743 1397 1784 solebat.
1458 1744 1525 1784 Ad

122 1806 235 1846 hunc
277 1807 384 1848 belle
427 1808 606 1848 accessit
649 1808 854 1849 Hercules
895 1813 939 1849 et
982 1809 1220 1849 auriculam
1263 1810 1322 1849 illi
1366 1810 1523 1861 tetigit.

121 1872 274 1913 Censet
309 1874 456 1925 itaque
491 1874 534 1913 in
569 1874 673 1915 haec
709 1875 861 1915 verba:
912 1876 1032 1915 ‘cum
1070 1876 1208 1916 Divus
1244 1876 1447 1916 Claudius
1481 1881 1524 1917 et

123 1939 283 1979 Divum
313 1941 559 1992 Augustum
589 1942 795 1992 sanguine
827 1943 1051 1993 contingat
1082 1956 1158 1983 nec
1191 1943 1333 1982 minus
1366 1943 1523 1982 Divam

121 2006 363 2057 Augustam
406 2008 550 2047 aviam
593 2021 730 2057 suam,
775 2022 906 2060 quam
949 2009 1039 2060 ipse
1081 2010 1208 2049 deam
1252 2022 1342 2049 esse
1384 2009 1521 2058 iussit,

120 2072 328 2124 longeque
370 2087 517 2114 omnes
570 2075 773 2115 mortales
826 2075 1038 2126 sapientia
1091 2075 1337 2124 antecellat,
1380 2075 1522 2126 sitque

119 2152 142 2179 e
172 2153 214 2179 re
244 2140 416 2190 publica
450 2154 540 2181 esse
570 2141 758 2192 aliquem
787 2142 860 2193 qui
893 2155 989 2181 cum
1021 2142 1207 2182 Romulo
1238 2142 1374 2193 possit
1407 2142 1521 2182 “fer-

120 2206 267 2246 ventia
289 2219 393 2257 rapa
414 2208 610 2256 vorare‚''
634 2221 783 2248 censeo
804 2208 869 2248 uti
894 2208 1031 2248 Divus
1052 2208 1256 2249 Claudius
1276 2222 1331 2249 ex
1351 2208 1431 2248 hac
1453 2209 1520 2249 die

119 2272 224 2337 dffl}
246 2273 316 2321 sit,
338 2273 401 2313 ita
422 2274 487 2313 uti
510 2278 611 2314 ante
632 2268 731 2314 euin
754 2265 827 2325 qui
850 2275 1016 2325 optimo
1038 2275 1127 2315 iure
1149 2276 1291 2315 factus
1313 2276 1382 2323 sit,
1405 2288 1520 2315 eam-

1515 592 1578 650 [Oi

1561 1016 1580 1044 3

121 2350 201 2389 que
217 2332 323 2379 'iem
356 2339 411 2381 ad
446 2339 807 2392 Metamorphosis
842 2340 969 2382 Ovidi
1001 2341 1302 2383 adiciendam)
1364 2341 1518 2381 Variae
1549 2352 1567 2380 6
