1667 2524
122 150 178 191 48
563 154 602 187 L.
637 153 831 187 ANNAEI
866 153 1092 187 SENECAE

121 273 325 314 indicium
370 274 414 314 L.
459 273 654 321 Cinnam,
695 273 840 313 stolidi
881 273 1037 323 ingenii
1080 273 1235 321 virum,
1267 273 1442 314 insidias
1484 274 1520 314 ei

121 346 303 389 struere;
345 340 510 380 dictum
537 345 618 388 est,
645 344 688 380 et
716 340 788 379 ubi
815 344 857 380 et
885 340 1058 391 quando
1084 344 1126 380 et
1154 340 1521 391 quemadmodum

123 407 296 457 adgredi
335 407 484 455 vellet;
537 419 648 446 unus
685 420 737 446 ex
775 406 953 446 consciis
989 406 1224 446 deferebat.
1286 406 1521 446 Constituit

121 487 164 513 sc
189 473 242 513 ab
267 486 316 513 eo
341 472 558 513 vindicare
582 477 624 513 et
651 472 873 513 consilium
899 472 1133 513 amicorum
1159 472 1359 512 advocari
1384 473 1519 512 iussit.

123 540 219 579 Nox
270 539 328 579 illi
379 539 573 590 inquieta
623 544 729 587 erat,
782 552 878 579 cum
938 539 1144 589 cogitaret
1204 539 1521 579 adulescentem

123 606 323 655 nobilem,
361 605 442 646 hoc
477 606 674 646 detracto
711 605 940 656 integrum,
977 605 1051 645 Cn.
1092 605 1267 656 Pompei
1304 610 1521 656 nepotem⁷

122 673 442 721 damnandum;
486 672 571 711 iam
600 685 734 711 unum
764 671 982 712 hominem
1011 671 1200 712 occidere
1222 685 1307 711 non
1336 676 1521 722 poterat,

122 739 189 779 cui
238 740 292 778 M.
343 738 558 778 Antonius
606 738 929 789 proscriptionis
977 738 1166 778 edictum
1214 738 1327 778 inter
1373 751 1522 778 cenam

122 805 322 846 dictarat.
384 805 568 845 Gemens
591 805 773 845 subinde
797 818 922 845 voces
940 805 1081 845 varias
1098 804 1329 845 emittebat
1346 809 1388 845 et
1413 804 1524 844 inter

123 886 165 912 se
210 872 466 913 contrarias:
527 871 660 920 ‘Quid
706 873 835 922 ergo?
910 872 1001 921 Ego
1045 884 1335 922 percussorem
1380 884 1522 911 meum

123 952 318 980 securum
352 938 572 978 ambulare
605 938 748 988 patiar
779 951 845 978 me
878 937 1090 978 sollicito?
1148 938 1260 988 Ergo
1293 951 1379 977 non
1400 937 1522 977 dabit

123 1018 296 1056 poenas,
337 1004 409 1056 qui
451 1009 517 1044 tot
558 1004 754 1044 civilibus
793 1003 914 1044 bellis
952 1004 1112 1044 frustra
1151 1004 1336 1054 petitum
1377 1008 1523 1054 caput,

123 1076 190 1112 tot
232 1071 472 1119 navalibus,
513 1075 580 1111 tot
621 1070 892 1121 pedestribus
932 1070 1100 1121 proeliis
1140 1070 1366 1118 incolume,
1408 1074 1524 1121 post-

124 1151 254 1189 quam
289 1142 402 1177 terra
438 1137 629 1188 marique
664 1150 750 1187 pax
784 1141 937 1187 parata
970 1141 1048 1185 est,
1084 1150 1169 1175 non
1204 1136 1392 1177 occidere
1427 1150 1525 1176 con-

124 1205 294 1252 stituat,
333 1204 405 1244 sed
445 1203 716 1243 immolare?’
772 1203 902 1251 (Nam
952 1203 1264 1243 sacrificantem
1304 1203 1523 1253 placuerat

126 1271 313 1319 adoriri.)
379 1271 543 1310 Rursus
576 1269 744 1310 silentio
776 1269 1030 1320 interposito
1062 1269 1220 1310 maiore
1253 1270 1389 1309 multo
1421 1283 1525 1309 voce

124 1337 203 1377 sibi
236 1350 366 1388 quam
399 1336 560 1377 Cinnae
592 1336 877 1376 irascebatur:
925 1336 1060 1385 ‘Quid
1094 1336 1217 1384 vivis,
1250 1336 1283 1375 si
1316 1336 1450 1386 perire
1482 1341 1525 1376 te

125 1409 215 1444 tam
262 1404 496 1443 multorum
533 1403 743 1443 interest?
793 1402 896 1452 Quis
932 1402 1027 1442 finis
1066 1402 1146 1443 erit
1186 1402 1525 1453 suppliciorum?

125 1470 227 1519 Quis
258 1469 506 1520 sanguinis?
573 1470 664 1519 Ego
701 1482 795 1509 sum
834 1468 1049 1509 nobilibus
1087 1469 1418 1509 adulescentulis
1454 1482 1526 1508 ex-

126 1537 313 1588 positum
342 1541 487 1587 caput,
515 1535 558 1575 in
587 1536 701 1587 quod
731 1549 955 1576 mucrones
983 1540 1163 1583 acuam,-
1207 1549 1293 1574 non
1320 1540 1383 1575 est
1412 1535 1525 1575 tanti

126 1603 230 1651 vita,
260 1601 307 1650 si,
336 1607 384 1642 ut
413 1615 490 1653 ego
522 1616 607 1641 non
638 1615 824 1653 peream,
854 1606 945 1641 tam
978 1602 1117 1641 multa
1148 1602 1366 1652 perdenda
1393 1602 1524 1641 sunt.’

126 1668 424 1720 Interpellavit
460 1669 637 1709 tandem
673 1668 791 1708 illum
838 1668 959 1708 Livia
1003 1681 1112 1707 uxor
1152 1672 1216 1708 et:
1274 1668 1524 1708 ‘Admittis'

125 1735 265 1787 inquit
302 1735 528 1775 ‘muliebre
565 1734 820 1775 consilium?
893 1735 993 1783 Fac,
1031 1735 1146 1786 quod
1184 1734 1335 1775 medici
1372 1734 1526 1782 solent,

126 1801 212 1853 qui,
246 1801 319 1841 ubi
353 1801 516 1841 usitata
549 1800 736 1841 remedia
768 1814 854 1840 non
886 1802 1140 1851 procedunt,
1174 1805 1394 1851 temptant
1428 1814 1527 1841 con-

125 1868 268 1908 traria.
330 1867 568 1908 Severitate
609 1867 712 1907 nihil
753 1867 892 1908 adhuc
934 1867 1151 1918 profecisti
1164 1881 1173 1916 ς
1229 1867 1525 1907 Salvidienum

127 1935 312 1985 Lepidus
338 1939 510 1975 secutus
536 1938 614 1983 est,
645 1933 853 1984 Lepidum
882 1934 1073 1982 Murena,
1102 1934 1327 1973 Murenam
1354 1933 1525 1984 Caepio,

125 2001 382 2051 Caepionem
408 2001 632 2049 Egnatius,
658 2005 706 2041 ut
733 2000 836 2040 alios
861 2005 1043 2049 taceam,
1070 2012 1176 2051 quos
1201 2004 1375 2039 tantum
1401 2012 1526 2039 ausos

128 2068 272 2118 pudet.
336 2068 458 2107 Nunc
502 2071 684 2118 tempta,
729 2067 945 2117 quomodo
988 2065 1067 2106 tibi
1110 2066 1235 2106 cedat
1278 2065 1526 2114 clementia;

126 2134 293 2182 ignosce
324 2134 368 2173 L.
400 2133 571 2173 Cinnae.
635 2134 878 2184 Deprensus
909 2137 993 2181 est;
1040 2132 1124 2171 iam
1155 2145 1304 2172 nocere
1333 2132 1411 2171 tibi
1441 2145 1526 2171 non

128 2205 283 2255 potest,
312 2201 509 2250 prodesse
541 2200 680 2239 famae
712 2204 812 2239 tuae
841 2188 1047 2250 potcst.'=
1076 2188 1274 2247 Cavistis,
1301 2188 1525 2249 sibiquod

128 2257 389 2306 advocatum
419 2266 656 2313 invenerat,
680 2266 801 2305 uxori
831 2265 1005 2317 quidem
1032 2265 1192 2315 gratias
1213 2265 1314 2315 egit,
1339 2264 1529 2304 renunti-

129 2333 187 2372 ari
217 2337 363 2372 autem
394 2333 612 2383 extemplo
645 2332 805 2380 amicis,
828 2345 935 2383 quos
961 2331 1003 2370 in
1032 2331 1254 2372 consilium
1287 2335 1527 2381 rogaverat,
