<?xml version="1.0" encoding="UTF-8"?>
<!DOCTYPE html PUBLIC "-//W3C//DTD XHTML 1.0 Transitional//EN"
    "http://www.w3.org/TR/xhtml1/DTD/xhtml1-transitional.dtd">
<html xmlns="http://www.w3.org/1999/xhtml" xml:lang="en" lang="en">
 <head>
  <title>
</title>
<meta http-equiv="Content-Type" content="text/html;charset=utf-8" />
  <meta name='ocr-system' content='tesseract 3.04.00' />
  <meta name='ocr-capabilities' content='ocr_page ocr_carea ocr_par ocr_line ocrx_word'/>
</head>
<body>
  <div class='ocr_page' id='page_1' title='image "./selectedessayssa00seneuoft_0141.png"; bbox 0 0 1667 2524; ppageno 0'>
   <div class='ocr_carea' id='block_1_1' title="bbox 436 102 1515 145">
    <p class='ocr_par' dir='ltr' id='par_1_1' title="bbox 436 102 1515 145">
     <span class='ocr_line' id='line_1_1' title="bbox 436 102 1515 145; baseline 0.005 -5"><span class='ocrx_word' id='word_1_1' title='bbox 436 106 503 140; x_wconf 90' lang='lat' dir='ltr'>AD</span> <span class='ocrx_word' id='word_1_2' title='bbox 538 105 783 140; x_wconf 90' lang='lat' dir='ltr'>LUCILIUM</span> <span class='ocrx_word' id='word_1_3' title='bbox 816 106 1063 140; x_wconf 78' lang='lat' dir='ltr'>EPISTULA</span> <span class='ocrx_word' id='word_1_4' title='bbox 1103 106 1204 140; x_wconf 87' lang='lat' dir='ltr'>CXV</span> <span class='ocrx_word' id='word_1_5' title='bbox 1438 102 1515 145; x_wconf 82' lang='lat'>101</span> 
     </span>
    </p>
   </div>
   <div class='ocr_carea' id='block_1_2' title="bbox 112 213 1580 1074">
    <p class='ocr_par' dir='ltr' id='par_1_2' title="bbox 112 213 1580 1074">
     <span class='ocr_line' id='line_1_2' title="bbox 119 213 1514 275; baseline 0.001 -10"><span class='ocrx_word' id='word_1_6' title='bbox 119 238 215 265; x_wconf 84' lang='lat' dir='ltr'>cum</span> <span class='ocrx_word' id='word_1_7' title='bbox 236 225 407 265; x_wconf 78' lang='lat' dir='ltr'>interim</span> <span class='ocrx_word' id='word_1_8' title='bbox 427 213 486 265; x_wconf 86' lang='lat' dir='ltr'>illi</span> <span class='ocrx_word' id='word_1_9' title='bbox 506 238 620 265; x_wconf 89' lang='lat' dir='ltr'>nova</span> <span class='ocrx_word' id='word_1_10' title='bbox 640 224 893 275; x_wconf 88' lang='lat' dir='ltr'>suscipiunt,</span> <span class='ocrx_word' id='word_1_11' title='bbox 916 237 1013 265; x_wconf 89' lang='lat' dir='ltr'>cum</span> <span class='ocrx_word' id='word_1_12' title='bbox 1034 225 1176 275; x_wconf 85' lang='lat' dir='ltr'>priora</span> <span class='ocrx_word' id='word_1_13' title='bbox 1195 225 1514 266; x_wconf 76' lang='lat' dir='ltr'>damnaverint.</span> 
     </span>
     <span class='ocr_line' id='line_1_3' title="bbox 120 291 1515 342; baseline 0.001 -11"><span class='ocrx_word' id='word_1_14' title='bbox 120 292 256 332; x_wconf 89' lang='lat' dir='ltr'>Nemo</span> <span class='ocrx_word' id='word_1_15' title='bbox 288 291 402 332; x_wconf 88' lang='lat' dir='ltr'>enim</span> <span class='ocrx_word' id='word_1_16' title='bbox 435 296 513 341; x_wconf 88' lang='lat' dir='ltr'>est,</span> <span class='ocrx_word' id='word_1_17' title='bbox 549 291 615 332; x_wconf 87' lang='lat' dir='ltr'>cui</span> <span class='ocrx_word' id='word_1_18' title='bbox 649 291 829 332; x_wconf 83' lang='lat' dir='ltr'>felicitas</span> <span class='ocrx_word' id='word_1_19' title='bbox 863 304 954 340; x_wconf 88' lang='lat' dir='ltr'>sua,</span> <span class='ocrx_word' id='word_1_20' title='bbox 988 291 1120 331; x_wconf 88' lang='lat' dir='ltr'>etiam</span> <span class='ocrx_word' id='word_1_21' title='bbox 1153 291 1187 331; x_wconf 91' lang='lat' dir='ltr'>si</span> <span class='ocrx_word' id='word_1_22' title='bbox 1222 305 1347 332; x_wconf 88' lang='lat' dir='ltr'>cursu</span> <span class='ocrx_word' id='word_1_23' title='bbox 1381 293 1515 342; x_wconf 81' lang='lat' dir='ltr'>venit,</span> 
     </span>
     <span class='ocr_line' id='line_1_4' title="bbox 117 357 1516 409; baseline 0.001 -12"><span class='ocrx_word' id='word_1_24' title='bbox 117 358 221 398; x_wconf 85' lang='lat' dir='ltr'>satis</span> <span class='ocrx_word' id='word_1_25' title='bbox 250 358 394 398; x_wconf 88' lang='lat' dir='ltr'>faciat.</span> <span class='ocrx_word' id='word_1_26' title='bbox 456 358 704 408; x_wconf 79' lang='lat' dir='ltr'>Queruntur</span> <span class='ocrx_word' id='word_1_27' title='bbox 730 362 773 398; x_wconf 89' lang='lat' dir='ltr'>et</span> <span class='ocrx_word' id='word_1_28' title='bbox 802 358 854 398; x_wconf 89' lang='lat' dir='ltr'>de</span> <span class='ocrx_word' id='word_1_29' title='bbox 884 357 1068 398; x_wconf 90' lang='lat' dir='ltr'>consiliis</span> <span class='ocrx_word' id='word_1_30' title='bbox 1095 362 1138 398; x_wconf 89' lang='lat' dir='ltr'>et</span> <span class='ocrx_word' id='word_1_31' title='bbox 1167 358 1220 399; x_wconf 89' lang='lat' dir='ltr'>de</span> <span class='ocrx_word' id='word_1_32' title='bbox 1248 359 1516 409; x_wconf 82' lang='lat' dir='ltr'>processibus</span> 
     </span>
     <span class='ocr_line' id='line_1_5' title="bbox 116 424 1580 476; baseline 0.003 -13"><span class='ocrx_word' id='word_1_33' title='bbox 116 424 202 464; x_wconf 90' lang='lat' dir='ltr'>suis</span> <span class='ocrx_word' id='word_1_34' title='bbox 244 425 498 476; x_wconf 83' lang='lat' dir='ltr'>maluntque</span> <span class='ocrx_word' id='word_1_35' title='bbox 539 437 705 475; x_wconf 86' lang='lat' dir='ltr'>semper</span> <span class='ocrx_word' id='word_1_36' title='bbox 747 437 856 475; x_wconf 88' lang='lat' dir='ltr'>quae</span> <span class='ocrx_word' id='word_1_37' title='bbox 898 424 1175 475; x_wconf 89' lang='lat' dir='ltr'>reliquerunt.</span> <span class='ocrx_word' id='word_1_38' title='bbox 1237 425 1394 476; x_wconf 84' lang='lat' dir='ltr'>Itaque</span> <span class='ocrx_word' id='word_1_39' title='bbox 1436 425 1514 467; x_wconf 86' lang='lat' dir='ltr'>hoc</span> <span class='ocrx_word' id='word_1_40' title='bbox 1544 439 1580 468; x_wconf 88' lang='lat'>18</span> 
     </span>
     <span class='ocr_line' id='line_1_6' title="bbox 117 490 1515 542; baseline 0.002 -12"><span class='ocrx_word' id='word_1_41' title='bbox 117 490 195 530; x_wconf 90' lang='lat' dir='ltr'>tibi</span> <span class='ocrx_word' id='word_1_42' title='bbox 240 490 510 541; x_wconf 84' lang='lat' dir='ltr'>philosophia</span> <span class='ocrx_word' id='word_1_43' title='bbox 554 490 807 541; x_wconf 73' lang='lat' dir='ltr'>praestabit,</span> <span class='ocrx_word' id='word_1_44' title='bbox 853 503 938 542; x_wconf 92' lang='lat' dir='ltr'>quo</span> <span class='ocrx_word' id='word_1_45' title='bbox 982 490 1182 542; x_wconf 87' lang='lat' dir='ltr'>equidem</span> <span class='ocrx_word' id='word_1_46' title='bbox 1227 491 1331 531; x_wconf 90' lang='lat' dir='ltr'>nihil</span> <span class='ocrx_word' id='word_1_47' title='bbox 1378 492 1515 533; x_wconf 86' lang='lat' dir='ltr'>maius</span> 
     </span>
     <span class='ocr_line' id='line_1_7' title="bbox 115 556 1514 608; baseline 0.002 -12"><span class='ocrx_word' id='word_1_48' title='bbox 115 557 336 596; x_wconf 83' lang='lat' dir='ltr'>existimo:</span> <span class='ocrx_word' id='word_1_49' title='bbox 390 570 629 608; x_wconf 89' lang='lat' dir='ltr'>numquam</span> <span class='ocrx_word' id='word_1_50' title='bbox 667 561 710 597; x_wconf 88' lang='lat' dir='ltr'>te</span> <span class='ocrx_word' id='word_1_51' title='bbox 750 556 987 607; x_wconf 86' lang='lat' dir='ltr'>paenitebit</span> <span class='ocrx_word' id='word_1_52' title='bbox 1028 557 1105 597; x_wconf 92' lang='lat' dir='ltr'>tui.</span> <span class='ocrx_word' id='word_1_53' title='bbox 1167 558 1233 597; x_wconf 88' lang='lat' dir='ltr'>Ad</span> <span class='ocrx_word' id='word_1_54' title='bbox 1273 557 1383 599; x_wconf 85' lang='lat' dir='ltr'>hanc</span> <span class='ocrx_word' id='word_1_55' title='bbox 1422 564 1514 599; x_wconf 87' lang='lat' dir='ltr'>tam</span> 
     </span>
     <span class='ocr_line' id='line_1_8' title="bbox 115 623 1513 675; baseline 0.003 -13"><span class='ocrx_word' id='word_1_56' title='bbox 115 623 295 663; x_wconf 90' lang='lat' dir='ltr'>solidam</span> <span class='ocrx_word' id='word_1_57' title='bbox 342 623 607 672; x_wconf 83' lang='lat' dir='ltr'>felicitatem,</span> <span class='ocrx_word' id='word_1_58' title='bbox 654 636 785 675; x_wconf 86' lang='lat' dir='ltr'>quam</span> <span class='ocrx_word' id='word_1_59' title='bbox 831 627 1068 674; x_wconf 87' lang='lat' dir='ltr'>tempestas</span> <span class='ocrx_word' id='word_1_60' title='bbox 1114 624 1232 664; x_wconf 92' lang='lat' dir='ltr'>nulla</span> <span class='ocrx_word' id='word_1_61' title='bbox 1278 626 1513 675; x_wconf 86' lang='lat' dir='ltr'>concutiat,</span> 
     </span>
     <span class='ocr_line' id='line_1_9' title="bbox 115 690 1514 741; baseline 0.003 -12"><span class='ocrx_word' id='word_1_62' title='bbox 115 702 200 728; x_wconf 95' lang='lat' dir='ltr'>non</span> <span class='ocrx_word' id='word_1_63' title='bbox 235 690 470 740; x_wconf 89' lang='lat' dir='ltr'>perducent</span> <span class='ocrx_word' id='word_1_64' title='bbox 505 695 549 731; x_wconf 88' lang='lat' dir='ltr'>te</span> <span class='ocrx_word' id='word_1_65' title='bbox 585 695 685 741; x_wconf 87' lang='lat' dir='ltr'>apte</span> <span class='ocrx_word' id='word_1_66' title='bbox 720 691 852 731; x_wconf 86' lang='lat' dir='ltr'>verba</span> <span class='ocrx_word' id='word_1_67' title='bbox 887 695 1093 731; x_wconf 80' lang='lat' dir='ltr'>contexta</span> <span class='ocrx_word' id='word_1_68' title='bbox 1126 696 1169 732; x_wconf 88' lang='lat' dir='ltr'>et</span> <span class='ocrx_word' id='word_1_69' title='bbox 1206 692 1343 732; x_wconf 88' lang='lat' dir='ltr'>oratio</span> <span class='ocrx_word' id='word_1_70' title='bbox 1378 693 1514 733; x_wconf 89' lang='lat' dir='ltr'>fluens</span> 
     </span>
     <span class='ocr_line' id='line_1_10' title="bbox 114 755 1514 808; baseline 0.004 -13"><span class='ocrx_word' id='word_1_71' title='bbox 114 755 285 796; x_wconf 89' lang='lat' dir='ltr'>leniter:</span> <span class='ocrx_word' id='word_1_72' title='bbox 325 761 442 805; x_wconf 76' lang='lat' dir='ltr'>eant,</span> <span class='ocrx_word' id='word_1_73' title='bbox 468 761 516 797; x_wconf 87' lang='lat' dir='ltr'>ut</span> <span class='ocrx_word' id='word_1_74' title='bbox 543 757 704 806; x_wconf 86' lang='lat' dir='ltr'>volent,</span> <span class='ocrx_word' id='word_1_75' title='bbox 731 757 835 798; x_wconf 92' lang='lat' dir='ltr'>dum</span> <span class='ocrx_word' id='word_1_76' title='bbox 862 757 1005 797; x_wconf 89' lang='lat' dir='ltr'>animo</span> <span class='ocrx_word' id='word_1_77' title='bbox 1032 758 1286 808; x_wconf 87' lang='lat' dir='ltr'>compositio</span> <span class='ocrx_word' id='word_1_78' title='bbox 1311 772 1389 799; x_wconf 88' lang='lat' dir='ltr'>sua</span> <span class='ocrx_word' id='word_1_79' title='bbox 1415 772 1514 800; x_wconf 86' lang='lat' dir='ltr'>con-</span> 
     </span>
     <span class='ocr_line' id='line_1_11' title="bbox 113 823 1511 877; baseline 0.003 -15"><span class='ocrx_word' id='word_1_80' title='bbox 113 826 213 871; x_wconf 87' lang='lat' dir='ltr'>stet,</span> <span class='ocrx_word' id='word_1_81' title='bbox 245 823 349 862; x_wconf 90' lang='lat' dir='ltr'>dum</span> <span class='ocrx_word' id='word_1_82' title='bbox 381 823 436 863; x_wconf 88' lang='lat' dir='ltr'>sit</span> <span class='ocrx_word' id='word_1_83' title='bbox 470 836 649 874; x_wconf 84' lang='lat' dir='ltr'>magnus</span> <span class='ocrx_word' id='word_1_84' title='bbox 680 828 723 864; x_wconf 89' lang='lat' dir='ltr'>et</span> <span class='ocrx_word' id='word_1_85' title='bbox 757 823 1007 875; x_wconf 92' lang='lat' dir='ltr'>opinionum</span> <span class='ocrx_word' id='word_1_86' title='bbox 1039 837 1211 865; x_wconf 89' lang='lat' dir='ltr'>securus</span> <span class='ocrx_word' id='word_1_87' title='bbox 1242 829 1285 865; x_wconf 90' lang='lat' dir='ltr'>et</span> <span class='ocrx_word' id='word_1_88' title='bbox 1318 825 1372 866; x_wconf 89' lang='lat' dir='ltr'>ob</span> <span class='ocrx_word' id='word_1_89' title='bbox 1404 826 1511 877; x_wconf 82' lang='lat' dir='ltr'>ipsa,</span> 
     </span>
     <span class='ocr_line' id='line_1_12' title="bbox 113 889 1511 942; baseline 0.004 -14"><span class='ocrx_word' id='word_1_90' title='bbox 113 901 223 940; x_wconf 90' lang='lat' dir='ltr'>quae</span> <span class='ocrx_word' id='word_1_91' title='bbox 258 889 350 929; x_wconf 90' lang='lat' dir='ltr'>aliis</span> <span class='ocrx_word' id='word_1_92' title='bbox 384 889 626 940; x_wconf 86' lang='lat' dir='ltr'>displicent,</span> <span class='ocrx_word' id='word_1_93' title='bbox 662 890 741 930; x_wconf 92' lang='lat' dir='ltr'>sibi</span> <span class='ocrx_word' id='word_1_94' title='bbox 776 890 962 941; x_wconf 86' lang='lat' dir='ltr'>placens,</span> <span class='ocrx_word' id='word_1_95' title='bbox 999 891 1073 942; x_wconf 91' lang='lat' dir='ltr'>qui</span> <span class='ocrx_word' id='word_1_96' title='bbox 1108 891 1350 942; x_wconf 82' lang='lat' dir='ltr'>profectum</span> <span class='ocrx_word' id='word_1_97' title='bbox 1385 906 1511 933; x_wconf 90' lang='lat' dir='ltr'>suum</span> 
     </span>
     <span class='ocr_line' id='line_1_13' title="bbox 113 955 1511 1011; baseline 0.004 -17"><span class='ocrx_word' id='word_1_98' title='bbox 113 955 205 995; x_wconf 89' lang='lat' dir='ltr'>vita</span> <span class='ocrx_word' id='word_1_99' title='bbox 238 955 436 996; x_wconf 86' lang='lat' dir='ltr'>aestimet</span> <span class='ocrx_word' id='word_1_100' title='bbox 469 960 512 997; x_wconf 89' lang='lat' dir='ltr'>et</span> <span class='ocrx_word' id='word_1_101' title='bbox 546 961 721 997; x_wconf 89' lang='lat' dir='ltr'>tantum</span> <span class='ocrx_word' id='word_1_102' title='bbox 754 958 858 998; x_wconf 89' lang='lat' dir='ltr'>scire</span> <span class='ocrx_word' id='word_1_103' title='bbox 891 972 935 999; x_wconf 91' lang='lat' dir='ltr'>se</span> <span class='ocrx_word' id='word_1_104' title='bbox 967 958 1142 1009; x_wconf 89' lang='lat' dir='ltr'>iudicet,</span> <span class='ocrx_word' id='word_1_105' title='bbox 1177 964 1392 1011; x_wconf 88' lang='lat' dir='ltr'>quantum</span> <span class='ocrx_word' id='word_1_106' title='bbox 1426 973 1511 1001; x_wconf 92' lang='lat' dir='ltr'>non</span> 
     </span>
     <span class='ocr_line' id='line_1_14' title="bbox 112 1021 965 1074; baseline 0.005 -12"><span class='ocrx_word' id='word_1_107' title='bbox 112 1021 246 1073; x_wconf 85' lang='lat' dir='ltr'>cupit,</span> <span class='ocrx_word' id='word_1_108' title='bbox 273 1026 487 1074; x_wconf 90' lang='lat' dir='ltr'>quantum</span> <span class='ocrx_word' id='word_1_109' title='bbox 514 1036 601 1063; x_wconf 94' lang='lat' dir='ltr'>non</span> <span class='ocrx_word' id='word_1_110' title='bbox 626 1024 766 1065; x_wconf 86' lang='lat' dir='ltr'>timet.</span> <span class='ocrx_word' id='word_1_111' title='bbox 826 1025 965 1066; x_wconf 76' lang='lat' dir='ltr'><strong>VALE.</strong></span> 
     </span>
    </p>
   </div>
  </div>
 </body>
</html>
