1667 2524
167 141 220 181 64
610 146 649 179 L.
685 146 878 179 ANNAEI
912 147 1140 182 SENECAE

164 265 371 316 pernicies
396 279 481 305 non
507 270 624 305 totas
647 265 774 305 urbes
798 270 967 315 movet;
1010 267 1124 318 quod
1151 267 1237 308 late
1261 268 1400 309 furere
1427 270 1566 320 coepit

115 341 134 368 4
164 336 206 371 et
250 345 398 372 omnes
440 333 623 383 adpetit,
667 333 858 383 undique
902 334 1141 384 configitur.
1202 335 1429 385 Serpentes
1472 349 1567 386 par-

164 398 287 438 volae
306 398 463 438 fallunt
483 412 558 438 nec
579 398 748 449 publice
769 399 1102 450 conquiruntum
1138 400 1210 440 ubi
1231 401 1375 452 aliqua
1394 401 1567 441 solitam

163 477 409 504 mensuram
446 465 603 505 transit
638 470 681 505 et
717 465 760 504 in
796 470 1039 506 monstrum
1074 467 1280 515 excrevit,
1316 467 1389 507 ubi
1425 468 1568 508 fontes

163 536 294 582 sputu
318 531 451 571 inficit
478 536 535 579 et,
560 532 594 571 si
619 531 815 580 adflavit,
840 532 982 572 deurit
1007 532 1268 584 obteritque,
1294 546 1567 585 quacumque

164 598 350 645 incessit,
377 597 558 637 ballistis
583 598 759 648 petitur.
822 599 1009 639 Possunt
1035 599 1166 639 verba
1190 600 1292 640 dare
1317 604 1359 639 et
1384 601 1567 640 evadere

114 674 133 701 5
164 664 316 714 pusilla
356 664 484 712 mala,
526 664 772 715 ingentibus
812 665 987 704 obviam
1027 666 1126 705 itur.
1188 666 1255 706 Sic
1294 679 1405 706 unus
1444 680 1568 717 aeger

163 744 214 770 ne
247 731 426 771 domum
462 731 637 782 quidem
673 731 901 781 perturbat
913 745 922 780 ,·
973 736 1019 771 at
1053 731 1127 771 ubi
1164 732 1320 772 crebris
1354 733 1567 772 mortibus

162 797 454 847 pestilentiam
514 810 604 837 esse
656 798 874 848 apparuit,
929 798 1214 838 conclamatio
1268 799 1459 838 civitatis
1518 812 1567 838 ac

162 863 263 913 fuga
287 868 365 911 est,
390 868 433 903 et
457 864 522 903 dis
546 864 648 914 ipsis
672 877 826 903 manus
850 864 1137 904 intentantur.
1199 864 1288 905 Sub
1312 877 1397 905 uno
1422 865 1566 916 aliquo

163 934 278 969 tecto
315 930 490 969 flamma
527 930 752 981 apparuit:
804 930 967 970 familia
1004 931 1220 982 vicinique
1256 944 1416 982 aquarn
1453 932 1567 982 inge-

163 1000 284 1045 runt;
337 1001 382 1036 at
419 997 664 1036 incendium
702 1001 876 1037 vastum
912 1001 955 1037 et
992 996 1152 1036 multas
1187 997 1273 1036 iam
1309 998 1461 1037 domos
1495 998 1567 1038 de-

164 1068 337 1114 pastum
367 1068 490 1113 parte
518 1063 635 1102 urbis
663 1063 874 1103 obruitur.

116 1139 131 1167 1
221 1128 386 1168 XXVI.
455 1129 765 1170 Crudelitatem
820 1130 1090 1181 privatorum
1155 1143 1327 1182 quoque
1394 1131 1567 1171 serviles

164 1209 318 1236 manus
344 1195 424 1235 sub
452 1201 567 1236 certo
596 1196 730 1236 crucis
757 1196 944 1247 periculo
972 1197 1088 1236 ultae
1115 1202 1237 1245 sunt;
1280 1202 1566 1247 tyrannorum

163 1267 311 1313 gentes
343 1263 577 1314 populique
609 1267 666 1311 et,
700 1276 884 1314 quorum
916 1267 1008 1303 erat
1040 1263 1217 1311 malum,
1250 1268 1293 1303 et
1324 1264 1376 1311 ei,
1410 1263 1567 1314 quibus

163 1328 433 1376 imminebat,
483 1329 731 1369 exscindere
782 1329 969 1379 adgressi
1019 1334 1133 1369 sunt.
1195 1329 1440 1380 Aliquando
1490 1342 1567 1369 sua

163 1395 376 1446 praesidia
413 1395 455 1434 in
496 1395 609 1446 ipsos
651 1400 1009 1435 consurrexerunt
1050 1395 1361 1446 perfidiamque
1403 1399 1446 1436 et
1490 1396 1567 1434 im-

164 1462 373 1512 pietatem
402 1466 444 1501 et
474 1462 692 1501 feritatem
721 1466 778 1509 et,
808 1462 1019 1513 quidquid
1049 1461 1103 1501 ab
1132 1461 1212 1501 illis
1240 1462 1494 1510 didicerant,
1524 1462 1567 1501 in

164 1528 278 1579 ipsos
315 1532 612 1568 exercuerunt.
674 1528 786 1576 Quid
824 1528 937 1568 enim
976 1532 1119 1578 potest
1157 1528 1387 1579 quisquam
1425 1528 1480 1567 ab
1517 1541 1566 1568 eo

164 1607 348 1645 sperare,
391 1607 519 1645 quem
562 1594 724 1634 malum
765 1607 854 1634 esse
895 1594 1074 1634 docuit?
1131 1593 1228 1633 Non
1264 1594 1338 1634 diu
1374 1594 1567 1645 nequitia

118 1672 137 1700 2
166 1665 347 1712 apparet
385 1674 475 1709 nec,
514 1665 728 1712 quantum
766 1660 952 1708 iubetur,
990 1664 1153 1711 peccat.
1215 1661 1296 1701 Sed
1334 1665 1441 1711 puta
1477 1674 1568 1701 esse

167 1731 310 1767 tutam
347 1727 661 1775 crudelitatem,
696 1727 821 1778 quale
856 1727 946 1767 eius
977 1740 1154 1777 regnum
1185 1728 1281 1766 est?
1319 1726 1417 1766 Non
1451 1727 1567 1767 aliud

167 1807 299 1845 quam
328 1798 553 1844 captarum
582 1794 753 1833 urbium
781 1795 919 1833 forma
945 1798 988 1833 et
1017 1793 1226 1833 terribiles
1252 1793 1382 1833 facies
1408 1793 1569 1844 publici

168 1865 322 1900 metus.
384 1860 540 1900 Omnia
572 1865 751 1908 maesta,
785 1860 967 1911 trepida,
991 1860 1188 1908 confusa;
1229 1859 1478 1910 voluptates
1508 1860 1570 1910 ip-

167 1940 238 1966 sae
267 1927 496 1975 timentur;
538 1940 623 1966 non
654 1927 852 1966 convivia
884 1927 1019 1967 securi
1048 1926 1212 1974 ineunt,
1235 1926 1278 1965 in
1306 1925 1463 1977 quibus
1494 1926 1570 1965 lin-

168 2006 251 2044 gua
279 1993 457 2033 sollicite
483 1994 614 2033 etiam
641 1993 769 2033 ebriis
792 1993 1072 2033 custodienda
1093 1997 1172 2040 est,
1195 2006 1280 2031 non
1308 1992 1568 2043 spectacula,

168 2073 221 2099 ex
257 2059 414 2111 quibus
450 2060 631 2099 materia
670 2060 856 2099 criminis
893 2073 941 2099 ac
978 2059 1151 2110 periculi
1189 2059 1423 2109 quaeritur.
1485 2058 1570 2109 Ap-

170 2131 377 2177 parentur
399 2126 496 2166 licet
520 2140 677 2177 magna
700 2127 893 2177 impensa
916 2130 959 2165 et
983 2126 1106 2175 regiis
1124 2125 1278 2176 opibus
1294 2129 1337 2165 et
1355 2124 1570 2165 artificum

170 2193 397 2243 exquisitis
421 2193 680 2241 nominibus,
705 2206 831 2244 quem
856 2197 1003 2232 tamen
1027 2192 1113 2231 ludi
1137 2192 1179 2230 in
1204 2204 1368 2231 carcere
1390 2191 1571 2231 iuvent?

123 2272 143 2301 3
172 2259 296 2308 Quod
319 2259 449 2307 istud,
470 2259 513 2299 di
536 2259 650 2307 boni,
673 2259 835 2298 malum
856 2263 920 2298 est
942 2259 1147 2306 occidere,
1169 2258 1346 2305 saevire,
1368 2257 1571 2297 delectari

172 2339 276 2366 sono
314 2330 564 2365 catenarum
600 2330 643 2365 et
680 2325 839 2364 civium
877 2325 1019 2376 capita
1054 2325 1262 2369 decidere,
1300 2336 1572 2375 quocumque
