1667 2524
129 124 183 166 56
567 125 607 159 L.
642 122 836 158 ΑΝΝΑΕΙ
870 121 1097 156 SENECAE

129 248 280 288 eodem
328 247 396 287 die
442 253 485 286 et
532 247 715 286 alterum
762 245 961 286 heredem
1007 247 1208 297 perdidit,
1255 246 1327 287 sed
1374 246 1529 286 Caesar

130 315 375 354 libertatem
417 314 657 353 sententiae
698 326 799 352 suae
840 313 1019 352 redemit
1032 326 1040 362 ;
1096 318 1139 353 et
1180 317 1413 363 postquam
1454 313 1527 353 ad-

129 381 331 432 probavit
369 380 606 431 gratuitam
644 393 733 419 esse
771 380 1046 420 severitatem
1084 393 1221 428 suam,
1260 380 1375 430 quod
1413 380 1528 430 prin-

130 449 210 499 cipi
245 461 412 497 semper
445 447 683 486 curandum
716 451 795 494 est,
828 446 940 485 dixit
973 446 1262 496 relegandum,
1296 459 1381 497 quo
1413 446 1526 496 patri

83 529 96 556 ῖ
131 515 360 554 videretur.
423 514 520 552 Non
561 512 758 560 culleum,
799 526 883 552 non
922 518 1153 563 serpentes,
1193 526 1277 552 non
1318 526 1527 552 carcerem

80 1318 98 1346 [0

81 2312 99 2339 5

129 582 319 621 decrevit
357 593 521 619 memor
558 593 643 619 non
680 580 733 619 de
771 592 855 630 quo
895 584 1097 627 censeret,
1135 580 1206 619 sed
1247 580 1312 619 cui
1350 580 1392 618 in
1431 593 1528 619 con-

129 648 221 687 silio
263 652 373 687 esset
387 661 394 695 ;
454 647 703 686 mollissimo
746 660 897 697 genere
939 660 1101 697 poenae
1145 651 1397 686 contentum
1439 659 1528 686 esse

129 715 282 754 debere
326 718 494 764 patrem
538 714 650 753 dixit
694 713 736 752 in
780 713 866 752 filio
902 713 1223 753 adulescentulo
1267 713 1450 763 impulso
1486 714 1528 752 in

130 781 170 820 id
200 781 348 829 scelus,
378 781 420 819 in
449 794 534 831 quo
563 794 619 827 se,
650 780 764 830 quod
794 780 1039 830 proximum
1067 784 1159 819 erat
1187 779 1241 819 ab
1269 780 1528 827 innocentia,

130 848 279 887 timide
320 847 538 897 gessissem
595 846 750 886 debere
791 846 909 885 illum
952 846 1006 885 ab
1047 846 1151 886 urbe
1191 851 1234 886 et
1275 860 1299 885 a
1340 846 1529 897 parentis

129 914 261 953 oculis
292 913 552 953 submoveri.

186 979 306 1019 XVI.
350 980 385 1019 O
405 980 599 1030 dignum,
621 993 749 1030 quem
770 980 813 1018 in
835 979 1056 1019 consilium
1077 984 1221 1030 patres
1242 980 1528 1020 advocarent!

129 1047 164 1086 O
204 1047 397 1097 dignum,
435 1059 563 1097 quem
609 1046 859 1086 coheredem
903 1046 1204 1086 innocentibus
1248 1046 1388 1086 liberis
1431 1047 1530 1085 scri-

130 1113 302 1152 berent!
364 1113 482 1152 Haec
521 1112 748 1152 clementia
786 1113 1021 1163 principem
1059 1113 1202 1161 decet;
1257 1126 1529 1164 quocumque

130 1180 308 1227 venerit,
362 1179 655 1218 mansuetiora
707 1179 852 1218 omnia
904 1179 1049 1218 faciat.
1111 1179 1248 1219 Nemo
1301 1171 1385 1229 regi
1438 1184 1529 1219 tam

129 1246 224 1285 vilis
269 1246 339 1294 sit,
386 1250 436 1285 ut
482 1246 601 1285 illum
649 1246 784 1296 perire
831 1259 917 1285 non
963 1246 1143 1294 sentiat;
1205 1246 1530 1297 qualiscumque

129 1325 227 1363 pars
262 1313 428 1363 imperii
465 1317 543 1352 est.
605 1312 656 1351 In
693 1326 850 1363 magna
886 1313 1064 1363 imperia
1100 1326 1153 1352 ex
1188 1312 1425 1352 minoribus
1460 1325 1530 1363 pe-

129 1383 273 1418 tamus
321 1379 581 1429 exemplum.
644 1379 741 1418 Non
790 1392 926 1419 unum
975 1384 1039 1419 est
1088 1380 1327 1430 imperandi
1377 1392 1508 1430 genus
1520 1392 1529 1427 ;

129 1445 312 1496 imperat
350 1446 547 1496 princeps
582 1434 750 1485 vcivibus
787 1446 887 1493 suis,
926 1450 1050 1496 pater
1086 1446 1240 1494 liberis,
1278 1450 1531 1496 praeceptor

128 1511 406 1560 discentibus,
465 1512 665 1551 tribunus
722 1512 788 1552 vel
846 1513 1039 1552 centurio
1095 1512 1316 1552 militibus.
1378 1513 1530 1552 Nonne

129 1580 338 1628 pessimus
386 1583 509 1629 pater
556 1579 788 1627 videbitur,
837 1580 910 1630 qui
958 1579 1149 1619 adsiduis
1196 1579 1331 1630 plagis
1378 1579 1531 1619 liberos

128 1645 260 1684 etiam
316 1658 370 1685 ex
426 1645 651 1685 levissimis
709 1646 846 1685 causis
904 1648 1175 1696 compescet?
1235 1646 1342 1686 Uter
1384 1651 1529 1686 autem

130 1716 382 1762 praeceptor
415 1712 661 1751 liberalibus
696 1713 850 1752 studiis
884 1713 1065 1763 dignior,
1101 1714 1173 1764 qui
1208 1712 1530 1752 excarnificabit

128 1778 373 1828 discipulos,
404 1779 438 1818 si
470 1780 676 1818 memoria
707 1779 787 1818 illis
818 1793 903 1818 non
935 1780 1176 1819 constiterit
1207 1785 1283 1819 aut
1314 1780 1346 1819 si
1378 1792 1530 1830 parum

129 1844 249 1894 agilis
287 1845 329 1883 in
370 1845 547 1895 legendo
587 1845 735 1885 oculus
775 1846 973 1894 haeserit,
1013 1860 1068 1885 an
1108 1847 1180 1897 qui
1220 1846 1530 1886 monitionibus

129 1915 171 1950 et
216 1912 474 1951 verecundia
518 1913 747 1952 emendare
791 1926 840 1952 ac
884 1913 1035 1953 docere
1079 1913 1233 1952 malit?
1290 1912 1530 1952 Tribunum

130 1978 510 2029 centurionemque
552 1979 609 2019 da
652 1992 851 2019 saevum:
909 1979 1146 2019 desertores
1188 1979 1331 2028 faciet,
1375 1978 1531 2030 quibus

130 2048 276 2083 tamen
324 2044 572 2094 ignoscitur.
636 2046 963 2096 Numquidnam
1012 2059 1199 2096 aequum
1247 2050 1311 2085 est
1359 2046 1532 2096 gravius

130 2110 290 2149 homini
326 2115 369 2150 et
403 2112 553 2152 durius
588 2112 802 2163 imperari,
838 2126 969 2163 quam
1004 2113 1241 2163 imperatur
1274 2111 1532 2152 animalibus

130 2177 292 2216 mutis?
353 2178 486 2228 Atqui
518 2192 677 2229 equum
723 2192 807 2218 non
853 2179 1009 2218 crebris
1053 2178 1301 2218 verberibus
1344 2182 1531 2219 exterret

129 2241 335 2280 domandi
380 2242 544 2291 peritus
588 2243 811 2292 1nagister;
872 2243 944 2282 fiet
987 2243 1100 2282 enim
1144 2242 1446 2282 formidolosus
1487 2246 1531 2282 et

132 2313 383 2356 contumax,
411 2309 490 2348 nisi
518 2322 615 2348 eum
643 2309 892 2349 blandiente
919 2313 1040 2349 tactu
1067 2309 1350 2359 permulseris.
1411 2308 1531 2348 Idem
