1667 2524
336 124 404 160 AD
440 100 692 160 NERONEM
726 122 793 159 DE
827 122 1120 161 CLEMENTIA
1154 124 1249 161 ΜΒ.
1284 128 1302 160 1
1465 120 1519 165 55

119 245 379 286 abscidendo
409 250 553 296 gemat
585 250 814 286 cunctatus
844 246 1031 286 multum
1061 246 1243 298 diuque;
1289 259 1422 297 prope
1453 251 1517 287 est

118 313 246 361 enim,
274 316 323 352 ut
351 312 532 352 libenter
557 312 750 360 damnet,
779 312 851 363 qui
881 312 986 361 cito;
1029 326 1162 363 prope
1188 317 1268 361 est,
1296 317 1345 353 ut
1372 313 1518 364 inique

118 379 286 429 puniat,
315 379 387 429 qui
416 378 555 418 nimis.

174 444 269 484 XV.
310 444 565 485 Trichonem
601 445 791 496 equitem
827 445 1076 485 Romanum
1112 446 1319 485 memoria
1355 450 1516 494 nostra,

118 512 218 562 quia
262 511 397 551 filium
441 525 566 551 suum
610 511 786 562 flagellis
829 512 1058 560 occiderat,
1100 511 1285 562 populus
1329 512 1518 563 graphiis

116 578 159 617 in
191 579 282 618 foro
318 578 530 627 confodit;
579 578 654 617 vix
686 578 805 618 illum
838 578 1021 629 Augusti
1055 578 1247 618 Caesaris
1280 579 1518 618 auctoritas

116 645 281 684 infestis
327 649 418 684 tam
464 650 639 696 patrum
687 658 818 696 quam
865 645 1049 684 filiorum
1096 645 1297 684 manibus
1343 645 1515 696 eripuit.

115 711 305 760 Tarium,
358 712 431 763 qui
483 711 617 751 filium
668 712 926 762 deprensum
978 712 1021 750 in
1073 711 1290 762 parricidii
1343 711 1517 751 consilio

116 778 343 818 damnavit
377 791 504 817 causa
537 778 722 828 cognita,
756 791 880 818 nemo
912 791 999 818 non
1030 778 1238 829 suspexit,
1272 778 1387 829 quod
1421 791 1518 818 con-

117 848 264 884 tentus
302 844 451 884 exsilio
501 849 544 884 et
590 845 738 885 exsilio
778 845 963 885 delicato
1004 845 1218 885 Massiliae
1258 845 1518 895 parricidam

118 911 332 950 continuit
369 915 412 951 et
450 924 594 950 annua
631 911 688 950 illi
726 912 959 961 praestitit,
998 916 1164 962 quanta
1200 915 1420 962 praestare
1456 911 1518 950 in-

114 981 232 1027 tegro
259 977 444 1026 solebat;
486 977 590 1017 haec
617 977 849 1018 liberalitas
875 978 1031 1026 effecit,
1058 982 1121 1026 ut,
1149 978 1192 1016 in
1219 991 1305 1029 qua
1334 978 1517 1018 civitate

115 1056 353 1095 numquam
400 1044 520 1084 deest
567 1049 777 1095 patronus
824 1044 1055 1095 peioribus,
1105 1058 1231 1084 nemo
1279 1044 1516 1093 dubitaret,

115 1110 218 1161 quin
253 1123 348 1150 reus
383 1111 536 1150 merito
571 1111 806 1150 damnatus
840 1115 965 1159 esset,
1003 1124 1132 1162 quem
1168 1111 1202 1150 is
1238 1115 1363 1161 pater
1397 1111 1518 1151 dam-

114 1189 214 1216 nare
271 1177 496 1227 potuisset,
554 1177 627 1228 qui
685 1177 823 1217 odisse
880 1191 966 1217 non
1023 1182 1209 1228 poterat.
1272 1177 1366 1217 Hoc
1424 1177 1517 1228 ipso

114 1243 310 1293 exemplo
341 1243 469 1292 dabo,
502 1257 630 1294 quem
665 1257 885 1294 compares
913 1243 1026 1283 bono
1054 1244 1183 1294 patri,
1212 1243 1376 1283 bonum
1404 1244 1518 1294 prin-

116 1309 266 1359 cipem.
326 1310 585 1360 Cogniturus
628 1310 681 1350 de
726 1310 811 1349 filio
855 1310 1007 1350 Tarius
1052 1310 1286 1350 advocavit
1330 1310 1376 1349 in
1420 1323 1518 1349 con-

115 1375 256 1415 silium
289 1375 514 1416 Caesarem
548 1376 794 1427 Augustum
806 1389 814 1425 ;
865 1377 984 1416 venit
1018 1377 1062 1415 in
1094 1377 1290 1427 privatos
1324 1381 1517 1427 penates,

114 1441 296 1490 adsedit,
333 1456 431 1493 pars
467 1443 591 1483 alieni
630 1443 790 1482 consilii
827 1443 924 1491 fuit,
963 1456 1049 1482 non
1084 1443 1218 1483 dixit:
1270 1443 1434 1482 ‘Immo
1473 1443 1517 1482 in

116 1522 257 1548 meam
291 1509 469 1549 domum
505 1509 694 1558 veniat';
745 1509 860 1560 quod
896 1510 930 1549 si
965 1510 1131 1549 factum
1165 1514 1290 1558 esset,
1326 1509 1519 1549 Caesaris

114 1575 262 1614 futura
311 1580 403 1615 erat
455 1575 655 1626 cognitio,
706 1589 792 1615 non
842 1576 992 1626 patris.
1052 1576 1216 1616 Audita
1268 1588 1396 1615 causa
1446 1589 1519 1615 ex-

117 1642 335 1693 cussisque
369 1642 582 1691 omnibus,
617 1647 661 1682 et
695 1642 774 1691 his,
810 1655 920 1694 quae
954 1642 1204 1683 adulescens
1237 1656 1314 1694 pro
1349 1655 1392 1682 se
1425 1642 1519 1682 dix-

115 1713 222 1757 erat,
266 1713 310 1749 et
352 1708 431 1758 his,
476 1709 633 1760 quibus
676 1709 951 1760 arguebatur,
995 1709 1120 1760 petit,
1164 1714 1213 1749 ut
1256 1709 1518 1750 sententiam

116 1788 241 1814 suam
270 1776 451 1827 quisque
481 1775 698 1824 scriberet,
729 1789 781 1816 ne
809 1789 860 1816 ea
889 1776 1083 1816 omnium
1112 1776 1246 1824 fieret,
1277 1789 1388 1827 quae
1417 1775 1518 1815 Cae-

116 1842 222 1881 saris
266 1842 416 1882 fuisset
428 1855 437 1891 3
497 1842 666 1891 deinde,
712 1843 965 1894 priusquam
1009 1842 1278 1893 aperirentur
1323 1841 1517 1890 codicilli,

117 1908 277 1948 iuravit
323 1922 366 1949 se
410 1909 540 1957 Tarii,
586 1908 771 1949 hominis
816 1909 1054 1960 locupletis,
1101 1909 1387 1949 hereditatem
1432 1921 1518 1947 non

117 1975 352 2014 aditurum.
414 1975 538 2015 Dicet
588 1975 763 2027 aliquis:
828 1975 1009 2015 ‘Pusillo
1059 1976 1203 2014 animo
1253 1975 1414 2023 timuit,
1466 1987 1517 2014 ne

117 2041 335 2081 videretur
356 2041 496 2081 locum
527 2043 615 2093 spei
646 2056 747 2082 suae
777 2042 941 2093 aperire
962 2041 1069 2082 velle
1099 2042 1175 2081 filii
1204 2041 1515 2081 damnatione.'

118 2107 209 2158 Ego
241 2112 389 2148 contra
419 2109 577 2157 sentio;
623 2109 804 2160 quilibet
834 2113 1030 2148 nostrum
1060 2108 1279 2148 debuisset
1310 2107 1517 2147 adversus

118 2174 340 2225 opiniones
378 2175 588 2226 malignas
626 2175 730 2215 satis
769 2175 950 2215 fiduciae
989 2174 1145 2215 habere
1183 2175 1227 2213 in
1265 2174 1379 2214 bona
1419 2187 1516 2213 con-

118 2241 310 2289 scientia,
363 2242 575 2292 principes
626 2241 764 2281 multa
814 2241 974 2281 debent
1024 2241 1156 2281 etiam
1206 2241 1348 2281 famae
1398 2240 1514 2280 dare.

1548 717 1566 745 N>

119 2306 287 2347 Iuravit
326 2320 369 2347 se
408 2321 493 2347 non
532 2308 753 2348 aditurum
791 2307 1090 2348 hereditatem.
1150 2307 1301 2347 Tarius
1340 2307 1515 2358 quidem
1545 2320 1564 2348 6
