1667 2524
363 119 430 152 AD
466 118 731 152 POLYBIUM
765 117 832 151 DE
866 117 1252 151 CONSOLATIONE
1492 118 1516 157 5

116 238 300 278 dolendi.
363 238 461 278 Non
483 237 616 285 vides,
651 236 822 288 qualem
857 236 979 276 nobis
1014 237 1151 276 vitam
1187 250 1327 276 rerum
1361 242 1518 278 natura
1548 253 1567 281 3

116 305 373 355 promiserit,
415 317 525 354 quae
565 303 752 354 primum
794 303 1063 342 nascentium
1105 302 1328 342 hominum
1368 304 1518 344 fletum

115 384 205 410 esse
221 370 389 410 voluit?
445 370 538 409 Hoc
554 369 764 420 principio
780 369 960 417 edimur,
978 369 1076 408 huic
1092 370 1230 408 onmis
1246 371 1519 420 sequentium

117 450 328 477 annorum
346 437 450 476 ordo
470 436 697 476 consentit.
760 436 826 475 Sic
845 436 982 474 vitam
1002 436 1181 485 agimus,
1201 436 1381 487 ideoque
1399 438 1519 477 mod-

116 508 232 544 erate
257 504 300 543 id
325 504 414 543 fieri
439 503 568 543 debet
594 516 618 542 a
644 502 780 551 nobis,
808 502 923 553 quod
950 515 1075 553 saepe
1101 503 1347 542 faciendum
1371 509 1450 552 est,
1476 509 1519 544 et

117 570 403 621 respicientes,
436 574 651 620 quantum
682 582 706 608 a
737 573 855 619 tergo
888 582 1028 608 rerum
1060 569 1249 609 tristium
1280 570 1518 619 immineat,

116 637 150 676 si
176 650 261 676 non
287 636 407 676 finire
434 636 644 684 lacrimas,
672 640 717 675 at
744 640 856 675 certe
883 648 1097 675 reservare
1122 636 1342 676 debemus.
1405 637 1518 676 Nulli

116 703 380 754 parcendum
408 707 472 742 est
501 702 558 742 rei
586 702 722 753 magis
751 715 882 753 quam
910 701 1023 750 huic,
1054 702 1173 742 euius
1202 707 1293 742 tam
1320 704 1521 755 frequens

117 782 218 809 usus
236 774 314 809 est.

173 837 222 876 V.
267 836 378 876 Illud
407 849 578 887 quoque
605 840 647 876 te
674 849 760 875 non
786 836 1014 875 minimum
1042 836 1272 885 adiuverit,
1299 837 1333 876 si
1361 837 1520 887 cogita-

118 903 228 943 veris
264 903 367 942 nulli
403 903 545 942 minus
580 908 752 953 gratum
787 916 876 943 esse
911 903 1103 943 dolorem
1140 908 1264 943 tuum
1301 917 1432 954 quani
1468 905 1519 952 ei,

119 970 184 1009 cui
204 969 414 1020 praestari
434 970 627 1009 videt-ur:
664 970 852 1020 torqueri
873 969 940 1012 ille
961 974 1002 1009 te
1022 974 1098 1009 aut
1119 984 1204 1009 non
1224 970 1318 1010 vult
1338 975 1414 1010 aut
1435 984 1520 1010 non

117 1035 340 1086 intellegit.
402 1036 530 1075 Nulla
555 1036 702 1087 itaque
727 1036 816 1076 eius
842 1036 969 1075 officii
996 1037 1105 1076 ratio
1130 1041 1208 1085 est,
1235 1037 1350 1088 quod
1375 1038 1427 1086 ei,
1454 1038 1519 1077 cui

117 1107 377 1153 praestatur,
405 1103 439 1142 si
468 1102 570 1141 nihil
598 1103 744 1151 sentit,
774 1116 1091 1153 supervacuum
1117 1108 1196 1151 est,
1224 1104 1257 1142 si
1285 1104 1431 1152 sentit,
1460 1104 1521 1142 in-

117 1173 290 1219 gratum
311 1173 389 1209 est.
455 1169 554 1219 [24]
594 1169 820 1209 Neminem
843 1183 932 1209 esse
956 1174 1049 1209 toto
1072 1169 1173 1209 orbe
1197 1175 1422 1218 terrarum,
1447 1171 1519 1221 qui

117 1235 355 1275 delectetur
390 1235 575 1275 lacrimis
604 1236 703 1283 tuis,
734 1236 941 1275 audacter
968 1236 1163 1275 dixerim.
1239 1236 1350 1285 Quid
1390 1238 1521 1287 ergo?

118 1302 255 1351 Quem
278 1315 403 1342 nemo
434 1303 640 1342 adversus
663 1307 704 1341 te
726 1303 919 1341 animum
940 1303 1062 1352 gerit,
1083 1316 1181 1342 eum
1207 1316 1296 1343 esse
1317 1308 1365 1343 tu
1386 1304 1521 1343 credis

117 1368 262 1408 fratris
286 1369 363 1416 tui,
381 1373 429 1408 ut
455 1369 646 1408 cruciatu
670 1369 733 1408 tui
759 1374 911 1408 noceat
938 1369 1030 1417 tibi,
1050 1374 1097 1408 ut
1122 1373 1164 1409 te
1188 1369 1291 1409 velit
1309 1370 1521 1410 abducere

118 1434 172 1474 ab
193 1434 548 1485 occupationibus
569 1435 668 1483 tuis,
690 1435 731 1475 id
752 1440 813 1475 est
838 1449 862 1474 a
883 1436 1026 1475 studio
1046 1440 1089 1475 et
1110 1449 1134 1474 a
1154 1435 1363 1475 Caesare?
1424 1436 1521 1475 Non

117 1505 182 1542 est
205 1501 284 1541 hoe
302 1501 437 1541 simile
456 1502 557 1541 veri.
620 1501 695 1541 Ille
719 1502 833 1541 enim
854 1502 1167 1552 indulgentiam
1192 1502 1269 1541 tibi
1294 1507 1521 1554 tamquam

118 1567 240 1607 fratri
273 1568 503 1618 praestitit,
527 1569 849 1608 venerationem
885 1573 1111 1620 tamquam
1145 1570 1327 1620 parenti,
1356 1569 1521 1609 cultum

119 1638 344 1685 tamquam
367 1635 593 1684 superiori;
632 1635 698 1675 ille
721 1636 931 1675 desiderio
957 1635 1034 1675 tibi
1057 1649 1147 1676 esse
1170 1636 1278 1684 vult,
1303 1640 1520 1676 tormento

119 1713 207 1740 esse
248 1714 333 1739 non
375 1700 482 1740 vult.
544 1701 655 1749 Quid
698 1702 845 1753 itaque
888 1703 1011 1743 iuvat
1053 1703 1198 1743 dolore
1240 1702 1518 1751 intabescere,

119 1779 261 1817 quem,
283 1767 316 1806 si
338 1767 432 1817 quis
453 1767 669 1807 defunctis
690 1782 837 1808 sensus
859 1774 937 1818 est,
962 1756 1071 1808 finiri
1094 1770 1228 1809 frater
1248 1774 1349 1809 tuus
1371 1770 1520 1820 cupit?

122 1832 183 1872 De
205 1832 287 1872 alio
309 1834 455 1881 fratre,
481 1834 599 1874 cuius
622 1835 784 1875 incerta
808 1840 951 1886 posset
976 1836 1178 1876 voluntas
1202 1837 1351 1885 videri,
1375 1836 1519 1876 onmia

120 1899 223 1939 haee
244 1899 287 1938 in
307 1899 439 1939 dubio
461 1914 663 1951 ponerem
684 1906 727 1942 et
748 1903 954 1943 dicerem:
992 1903 1103 1943 ‘sive
1125 1908 1167 1944 te
1189 1904 1379 1954 torqueri
1401 1903 1520 1943 lacri-

120 1966 199 2005 mis
216 1979 454 2017 numquam
472 1968 767 2008 desinentibus
791 1970 925 2009 frater
948 1974 1048 2009 tuus
1067 1971 1199 2021 cupit,
1218 1971 1416 2020 indignus
1440 1969 1519 2009 hoe

120 2032 279 2072 affectu
303 2037 379 2072 tuo
403 2038 488 2083 est;
528 2035 618 2074 sive
642 2048 727 2074 non
751 2036 860 2083 vult,
885 2037 1058 2087 utrique
1082 2041 1274 2076 vestrum
1299 2037 1519 2076 inhaeren-

121 2102 208 2138 tem
223 2099 414 2139 dolorem
430 2101 622 2149 dimitte;
655 2115 730 2141 nec
747 2102 903 2152 impius
918 2103 1052 2142 frater
1067 2103 1126 2142 sic
1142 2103 1373 2143 desiderari
1389 2103 1518 2143 debet

121 2178 196 2204 nee
213 2166 309 2216 pius
325 2166 383 2206 sic
401 2167 534 2207 velit.’
595 2168 646 2206 In
664 2167 742 2208 hoc
760 2182 875 2211 vero.
895 2169 1013 2209 cuius
1031 2174 1121 2209 tam
1139 2160 1363 2220 explorata
1381 2171 1519 2220 pietas

120 2236 198 2280 est,
225 2245 301 2282 pro
328 2237 443 2272 certo
468 2233 716 2274 habendum
742 2240 806 2274 est
833 2235 936 2274 nihil
961 2249 1050 2275 esse
1076 2236 1133 2275 illi
1160 2250 1282 2287 posse
1308 2236 1516 2284 acerbius,

122 2311 252 2350 quam
272 2299 306 2339 si
327 2298 405 2340 tibi
426 2298 493 2340 hic
515 2313 636 2341 casus
654 2301 744 2342 eius
764 2301 942 2343 acerbus
961 2306 1040 2352 est,
1061 2303 1094 2341 si
1116 2307 1157 2343 te
1177 2302 1263 2344 ullo
1283 2303 1411 2344 modo
1433 2307 1518 2344 tor-

1551 1184 1569 1212 ΚΦ
