1667 2524
346 106 413 139 AD
447 106 711 139 POLYBIUM
745 106 812 138 DE
845 105 1230 139 CONSOLATIONE
1443 102 1493 141 13

92 227 297 278 precario.
362 226 462 276 [30]
495 225 669 274 Quanto
687 225 753 263 ille
770 225 935 273 iustior,
953 224 1027 275 qui
1044 225 1247 264 nuntiata
1264 224 1336 263 filii
1355 230 1492 264 morte

91 294 267 343 dignam
293 305 449 342 magno
474 292 565 331 viro
591 305 741 330 vocem
765 292 929 331 emisit:
970 291 1083 341 ‘Ego
1110 304 1206 330 cum
1231 292 1371 341 genui,
1398 296 1492 330 tum

93 360 351 399 moriturum
370 359 504 398 scivi.'
565 358 743 397 Prorsus
761 371 846 396 non
866 358 1029 397 mireris
1047 371 1101 397 ex
1118 357 1198 396 1100
1217 362 1370 397 natum
1389 372 1492 407 esse,

93 426 167 477 qui
197 426 367 465 fortiter
394 425 503 464 mori
532 428 690 475 posset.
752 424 849 463 Non
879 425 1043 474 accepit
1074 428 1301 474 tamquam
1332 438 1493 463 novum

93 492 295 532 nuntium
318 491 392 530 filii
414 489 597 531 mortem
610 504 619 539 ;
658 491 761 541 quid
784 491 898 530 enim
919 495 984 530 est
1007 491 1107 529 novi
1130 490 1348 530 hominem
1371 492 1493 539 mori,

95 559 214 598 cuius
249 562 344 598 tota
380 558 472 597 vita
509 557 613 596 nihil
650 557 765 597 aliud
803 570 934 608 quam
971 557 1024 596 ad
1062 561 1247 596 mortem
1282 557 1364 597 iter
1399 559 1494 597 est?

93 626 207 675 ‘Ego
238 638 333 664 cum
363 625 504 675 genui,
535 628 629 664 tum
659 624 917 663 moriturum
947 624 1081 662 scivi.5
1144 623 1308 663 Deinde
1338 624 1494 663 adiecit

94 705 183 732 rem
207 692 381 730 maioris
404 695 447 731 et
472 691 727 741 prudentiae
751 694 794 730 et
820 690 973 729 animi:
1013 690 1078 729 ‘et
1103 689 1201 729 111110
1227 690 1284 729 rei
1309 690 1492 730 sustuli.’

95 758 254 798 Omnes
285 758 383 797 huic
416 758 473 797 rei
506 757 718 805 tollimur;
766 757 960 807 quisquis
992 757 1046 796 ad
1080 757 1218 796 vitam
1250 757 1406 805 editur,
1439 757 1493 796 ad

93 829 277 864 mortem
309 824 565 864 destinatur.
627 823 904 863 Gaudeamus
936 837 1024 873 erqo
1056 837 1120 871 eo,
1154 823 1270 873 quod
1303 823 1493 872 dabitur,

94 892 409 942 reddamusque
426 890 483 939 id,
504 903 600 930 011111
619 903 911 940 reposcemur:
941 890 1072 929 alium
1091 890 1174 929 alio
1192 894 1385 940 tempore
1403 891 1495 929 fata

95 957 472 1008 comprehendent,
526 957 741 996 neminem
793 956 1105 1007 praeteribunt.
1167 956 1218 995 In
1270 957 1495 1007 procinctu

96 1029 181 1064 stet
202 1025 370 1064 animus
390 1029 433 1064 01
454 1024 495 1063 id
517 1024 632 1075 quod
654 1037 823 1063 necesse
842 1028 907 1063 051
928 1036 1167 1074 numquam
1188 1024 1356 1072 timeat,
1379 1024 1493 1074 quod

95 1091 305 1131 incertum
342 1095 406 1130 est
444 1104 612 1141 semper
646 1094 860 1141 expectet.
922 1090 1033 1138 Quid
1071 1090 1213 1129 dicam
1251 1090 1381 1129 duces
1417 1090 1495 1130 clu-

96 1170 278 1208 cumque
304 1157 550 1207 progeniem
575 1161 618 1196 et
644 1156 792 1196 multis
818 1160 894 1195 aut
922 1156 1216 1195 consulatibus
1244 1157 1495 1206 conspicuos

95 1229 171 1264 aut
187 1224 417 1274 triumphis
433 1228 546 1263 sorte
562 1224 791 1263 defunctos
807 1222 1057 1262 inexorabili
1073 1224 1090 1261 ⁶?
1148 1223 1259 1262 Tota
1277 1236 1373 1262 011111
1391 1224 1495 1274 regi-

96 1290 175 1330 bus
203 1304 330 1341 regna
358 1290 592 1341 populique
621 1303 717 1329 cum
744 1289 988 1340 regentibus
1016 1289 1150 1329 tulere
1178 1290 1319 1329 fatum
1347 1302 1495 1329 suum:

95 1370 256 1405 omnes,
274 1357 405 1395 immo
422 1357 567 1396 omnia
584 1357 626 1394 in
642 1356 845 1395 ultimum
861 1356 975 1395 diem
992 1360 1205 1406 spectant.
1268 1356 1364 1395 Non
1381 1356 1494 1396 idem

95 1424 302 1463 universis
343 1423 437 1462 finis
476 1427 562 1462 est:
609 1422 740 1461 alium
777 1422 818 1460 in
856 1422 996 1461 medio
1034 1435 1158 1461 cursu
1195 1422 1287 1461 vita
1322 1423 1494 1471 deserit,

96 1490 226 1529 alium
250 1490 293 1528 in
318 1490 410 1540 ipso
436 1490 559 1529 aditu
585 1489 801 1540 relinquit,
828 1489 959 1527 alium
985 1489 1027 1527 in
1052 1492 1247 1528 extrema
1272 1494 1495 1529 senectute

95 1556 327 1607 fatigatum
356 1556 442 1595 iam
470 1560 513 1595 et
542 1556 657 1595 exire
687 1556 931 1606 cupientem
960 1555 1035 1593 vix
1061 1555 1246 1603 emittit;
1291 1555 1373 1595 alio
1403 1556 1495 1606 qui-

95 1623 193 1662 dem
220 1627 352 1673 atque
378 1622 461 1661 alio
488 1626 695 1672 tempore,
723 1635 871 1661 omnes
898 1626 1045 1661 tamen
1071 1622 1114 1660 in
1140 1622 1325 1661 eundem
1353 1621 1494 1661 locum

96 1689 333 1738 tendimus;
375 1693 577 1728 utrumne
603 1688 779 1728 stultius
804 1689 860 1727 sit
886 1688 1027 1729 nescio
1053 1688 1334 1727 mortalitatis
1360 1688 1493 1739 legem

96 1755 303 1805 ignorare,
335 1769 390 1794 an
429 1755 724 1805 impudentius
764 1768 969 1794 recusare.
1031 1755 1227 1804 Agedum
1266 1754 1351 1803 illa,
1384 1768 1494 1805 quae

97 1822 233 1862 multo
264 1822 421 1872 ingenii
453 1822 517 1861 tui
548 1821 692 1861 labore
724 1821 938 1861 celebrata
968 1826 1083 1869 sunt,
1116 1821 1159 1860 in
1190 1834 1344 1860 manus
1374 1834 1494 1860 sume

96 1888 341 1928 utriuslibet
379 1888 567 1927 auctoris
606 1888 808 1935 carmina,
848 1900 958 1938 quae
996 1892 1044 1927 tu
1082 1887 1143 1926 ita
1181 1887 1407 1935 resolvisti,
1446 1891 1495 1926 ut

97 1955 295 2005 quamvis
326 1959 543 1994 structura
576 1954 744 1994 illorum
776 1955 1007 2002 recesserit,
1048 1958 1299 2004 permaneat
1349 1958 1495 1993 tamen

96 2021 234 2072 gratia
253 2044 306 2047 —
323 2021 381 2060 sic
407 2021 521 2061 enim
546 2021 616 2059 illa
641 2034 695 2060 ex
720 2021 802 2059 alia
829 2021 972 2070 lingua
998 2021 1040 2058 111
1067 2020 1195 2059 aliam
1221 2020 1494 2068 transtulisti,

96 2091 160 2135 ut,
188 2087 302 2138 quod
329 2087 627 2127 difficillimum
653 2092 759 2135 erat,
787 2100 935 2126 omnes
961 2087 1146 2126 virtutes
1171 2087 1215 2124 in
1241 2086 1425 2126 alienam
1452 2090 1495 2126 te

97 2154 336 2193 orationem
357 2158 528 2193 secutae
548 2153 634 2193 sint
653 2166 727 2191 —:
763 2153 904 2192 nullus
923 2153 1003 2192 erit
1024 2153 1067 2191 in
1087 2152 1167 2191 illis
1187 2152 1357 2203 scriptis
1377 2152 1495 2200 liber,

98 2220 170 2270 qui
186 2233 272 2259 non
286 2219 471 2270 plurima
486 2220 711 2259 varietatis
726 2219 940 2258 humanae
955 2219 1302 2269 incertorumque
1319 2232 1496 2258 casuum
1547 2250 1555 2255 i

97 2289 140 2325 01
163 2285 436 2324 lacrimarum
458 2299 512 2325 ex
533 2285 615 2324 alia
638 2290 770 2336 atque
793 2285 875 2324 alia
899 2297 1026 2324 causa
1049 2284 1277 2324 fluentium
1299 2285 1497 2335 exempla

1523 237 1541 264 KQ
