1667 2524
120 149 172 191 72
557 152 597 186 L.
633 152 826 185 ANNAEI
860 153 1086 186 SENECAE

119 271 282 312 solvere
313 271 370 311 illi
403 271 500 312 licet
530 276 588 320 et,
612 272 764 323 quanti
797 271 906 320 vult,
940 275 1090 312 taxare
1122 271 1255 312 litem.
1317 271 1432 311 Nihil
1462 286 1516 312 ex

119 339 184 378 his
214 338 333 387 facit,
357 342 583 389 tamquam
605 338 718 377 iusto
745 338 886 377 minus
917 338 1079 386 feeerit,
1103 338 1174 377 sed
1208 342 1435 388 tamquam
1457 338 1515 387 id,

119 405 234 457 quod
272 404 511 452 constituit,
548 404 829 444 iustissimum
865 404 934 443 sit.
995 403 1218 454 Ignoscere
1254 408 1400 444 autem
1436 409 1516 453 est,

119 485 247 523 quem
288 471 448 511 iudices
499 471 780 521 puniendum,
824 484 908 510 non
949 471 1120 521 punire余
1179 471 1303 510 venia
1344 470 1515 510 debitae

119 552 282 589 poenae
322 538 511 578 remissio
550 544 627 578 est.
688 538 924 577 Clementia
964 537 1043 577 hoo
1082 538 1269 588 primum
1309 543 1516 588 praestat,

120 610 182 653 ut,
202 618 308 656 quos
329 605 528 652 dimittit,
547 604 650 644 nihil
669 604 784 644 aliud
807 604 899 644 illos
916 606 1006 655 pati
1025 604 1221 644 debuisse
1244 605 1516 654 pronuntiet余

72 681 91 708 4
119 671 283 722 plenior
304 676 369 712 est
393 685 524 723 quam
548 673 688 720 venia,
713 672 932 712 honestior
953 676 1031 712 est.
1095 671 1156 711 De
1181 671 1326 719 verbo,
1350 677 1399 712 ut
1423 684 1518 711 mea

119 738 201 777 fert
244 739 402 789 opinio,
448 739 737 778 controversia
780 743 858 787 est,
902 738 954 779 de
998 752 1040 778 re
1083 739 1256 789 quidem
1302 738 1516 778 convenit.

120 804 297 855 Sapiens
323 805 460 845 multa
483 806 689 853 remittet,
713 805 873 845 multos
904 818 1057 856 parum
1080 806 1186 852 sani,
1210 805 1282 844 sed
1315 804 1518 844 sanabilis

119 871 275 922 ingenii
312 872 515 912 servabit.
595 872 812 922 Agricolas
856 872 991 911 bonos
1027 871 1283 920 imitabitur,
1322 872 1394 922 qui
1432 884 1517 911 non

120 942 293 978 tantum
325 943 462 978 rectas
492 951 773 990 procerasque
804 938 975 978 arbores
1006 938 1172 987 colunt余
1219 938 1298 977 illis
1329 950 1516 989 quoque,

120 1017 227 1055 quas
259 1004 403 1056 aliqua
435 1005 693 1055 depravavit
727 1018 868 1053 causa,
901 1004 1176 1052 adminicula,
1210 1003 1366 1055 quibus
1408 1004 1518 1044 deri-

119 1076 290 1121 gantur,
328 1071 568 1122 adplicant余
621 1071 725 1111 alias
762 1071 1087 1119 circumcidunt,
1126 1084 1177 1110 ne
1213 1070 1517 1121 proceritatem

121 1137 226 1175 rami
273 1142 485 1187 premant,
532 1138 743 1188 quasdam
788 1137 979 1176 infirmas
1024 1137 1131 1176 vitio
1178 1136 1255 1176 looi
1302 1136 1516 1185 nutriunt,

121 1203 381 1254 quibusdam
415 1203 552 1243 aliena
586 1203 739 1242 umbra
774 1203 1071 1243 laborantibus
1105 1203 1269 1242 caelum
1303 1203 1517 1253 aperiunt.

74 1274 94 1302 5
121 1269 309 1317 Videbit,
337 1270 452 1320 quod
480 1269 697 1320 ingenium
724 1282 810 1320 qua
837 1270 1001 1309 ratione
1029 1269 1307 1309 tractandum
1333 1269 1403 1317 sit,
1432 1281 1518 1320 quo

120 1335 249 1375 modo
280 1336 324 1374 in
355 1339 520 1375 rectum
551 1349 686 1386 prava
718 1335 1045 1376 flectantur.***
