1667 2524
133 129 184 169 16
561 132 600 164 L.
636 130 831 164 ANNAEI
865 130 1093 163 SENECAE
1116 110 1125 114 “

126 252 361 292 multorum
401 252 487 291 iam
530 263 740 290 annorum
782 250 905 290 ruina
946 250 1123 290 obrutos
1163 250 1359 290 effoderit
1400 255 1443 290 et
1484 250 1527 290 in

126 319 262 359 lucem
288 318 520 366 reduxerit,
547 330 632 356 non
658 330 807 357 vereor
832 330 883 356 ne
910 330 975 356 me
1001 329 1136 356 unum
1161 322 1367 356 transeat.
1430 317 1527 368 Ipse

126 390 271 425 autem
290 384 452 435 optime
470 384 591 423 novit
610 388 796 434 tempus,
816 396 901 434 quo
919 383 1071 434 cuique
1089 383 1244 423 debeat
1263 396 1527 432 succurrere;

124 465 202 502 ego
229 464 398 490 omnem
427 463 600 501 operam
627 450 755 505 dabO,
783 463 835 489 ne
862 449 1083 500 pervenire
1111 450 1163 489 ad
1194 463 1259 489 me
1286 450 1525 490 erubescat.

127 518 162 557 O
207 517 371 557 felicem
418 516 690 557 clementiam
736 521 873 563 tuam,
920 516 1087 561 Caesar,
1134 529 1243 566 quae
1289 516 1432 564 efficit,
1479 520 1526 556 ut

126 583 380 635 quietiorem
412 583 490 623 sub
522 587 565 623 te
598 587 728 633 agant
761 582 898 622 vitam
924 582 1104 630 exsules,
1129 595 1259 633 quam
1287 595 1424 633 nuper
1448 582 1528 622 sub

126 650 233 690 Gaio
269 663 389 700 egere
427 649 662 700 principes!
724 649 819 688 Non
858 648 1078 699 trepidant
1116 662 1191 688 nec
1230 662 1305 699 per
1341 649 1529 699 singulas

127 716 252 756 horas
291 716 481 766 gladium
521 720 776 766 exspectant
816 729 892 755 nec
933 716 986 755 ad
1019 728 1190 755 omnem
1222 715 1399 755 navium
1431 729 1530 755 con-

126 788 321 833 spectum
358 787 541 833 pavent;
594 796 668 833 per
703 787 745 822 te
781 781 942 822 habent
979 786 1027 821 ut
1064 782 1263 822 fortunae
1299 782 1530 822 saevientis

128 850 304 889 modum
335 849 398 889 ita
427 863 546 900 spem
578 862 749 900 quoque
781 848 964 888 melioris
993 848 1184 888 eiusdem
1215 862 1262 888 ac
1294 848 1531 899 praesentis

127 916 329 967 quietem.
392 916 508 956 Scias
540 916 636 956 licet
666 929 717 955 ea
746 916 920 955 demum
951 914 1133 955 fulmina
1162 928 1251 955 esse
1281 915 1530 963 iustissima,

128 996 238 1034 quae
267 983 399 1023 etiam
430 983 617 1033 percussi
649 983 809 1023 colunt.

184 1049 303 1089 XIV.
350 1050 451 1100 [33]
493 1049 572 1089 Hic
616 1049 764 1100 itaque
808 1049 1018 1100 princeps,
1063 1049 1135 1100 qui
1179 1049 1399 1100 publicum
1443 1063 1532 1089 om-

129 1116 248 1155 nium
280 1116 503 1155 hominum
535 1116 740 1155 solacium
772 1120 851 1164 est,
885 1120 960 1156 aut
994 1129 1059 1156 me
1092 1116 1236 1156 omnia
1268 1117 1423 1156 fallunt
1456 1121 1531 1156 aut

128 1182 214 1222 iam
262 1182 469 1222 recreavit
519 1182 710 1222 animum
759 1187 884 1222 tuum
932 1187 974 1222 et
1023 1187 1113 1222 tam
1164 1196 1319 1233 magno
1368 1182 1534 1223 vulneri

130 1249 292 1288 maiora
342 1248 540 1289 adhibuit
592 1249 792 1289 remedia.
854 1249 948 1288 Iam
999 1254 1041 1289 te
1093 1249 1209 1288 omni
1260 1249 1533 1289 confirmavit

131 1316 272 1362 modo,
302 1315 387 1354 iam
418 1315 562 1354 omnia
591 1316 804 1366 exempla,
835 1315 991 1366 quibus
1021 1316 1074 1355 ad
1106 1316 1237 1355 animi
1267 1316 1533 1367 aequitatem

130 1381 453 1432 compellereris,
481 1382 755 1422 tenacissima
783 1382 988 1422 memoria
1016 1382 1198 1427 rettulit,
1227 1382 1312 1422 iam
1341 1383 1534 1422 omnium

130 1453 360 1498 praecepta
409 1448 654 1498 sapientum
704 1449 885 1488 adsueta
933 1448 1012 1488 sibi
1062 1449 1265 1489 facundia
1312 1449 1532 1499 explicuit.

133 1514 284 1553 Nullus
312 1514 460 1565 itaque
490 1514 639 1554 melius
668 1514 744 1554 has
774 1514 1034 1566 adloquendi
1064 1520 1208 1565 partes
1237 1515 1536 1566 occupaverit:

132 1580 246 1620 aliud
269 1580 491 1620 habebunt
514 1580 592 1621 hoc
613 1581 782 1621 dicente
804 1582 973 1632 pondus
994 1582 1126 1621 verba
1147 1582 1265 1622 velut
1288 1582 1342 1622 ab
1364 1582 1538 1622 oraculo

133 1646 281 1694 missa;
332 1660 502 1687 omnem
543 1647 631 1687 vim
671 1647 829 1687 doloris
870 1647 933 1687 tui
977 1648 1125 1688 divina
1165 1648 1256 1688 eius
1296 1649 1535 1689 contundet

132 1713 380 1753 auctoritas.
443 1714 570 1754 Hunc
594 1714 742 1765 itaque
766 1714 845 1754 tibi
870 1719 977 1765 puta
1000 1714 1160 1755 dicere:
1200 1717 1307 1754 ‘non
1331 1720 1374 1755 te
1398 1715 1536 1754 solum

132 1779 307 1819 fortuna
333 1780 572 1830 desumpsit
601 1781 695 1828 sibi,
724 1794 851 1832 quem
880 1786 971 1821 tam
999 1781 1119 1832 gravi
1147 1782 1333 1821 afficeret
1361 1781 1537 1830 iniuria3

132 1846 249 1885 nulla
277 1846 431 1885 domus
460 1847 503 1885 in
533 1852 628 1887 toto
658 1848 758 1888 orbe
788 1853 999 1888 terrarum
1030 1853 1105 1888 aut
1135 1853 1198 1888 est
1230 1853 1305 1888 aut
1336 1848 1418 1887 fuit
1448 1848 1538 1887 sine

133 1912 276 1963 aliqua
307 1913 658 1963 comploratione.
721 1914 930 1954 Transibo
959 1915 1158 1965 exempla
1187 1915 1396 1965 vulgaria,
1428 1927 1539 1965 quae

131 1978 263 2017 etiam
297 1978 330 2017 si
365 1979 543 2027 minora,
578 1985 725 2020 tamen
758 1980 983 2021 innumera
1015 1986 1130 2029 sunt,
1165 1982 1217 2021 ad
1253 1981 1388 2021 fastos
1420 1985 1463 2021 te
1495 1984 1539 2021 et

85 2056 94 2083 ε
134 2045 307 2084 annales
339 2046 571 2095 perducam
603 2047 808 2097 publicos.
874 2048 1000 2088 Vides
1031 2062 1178 2087 omnes
1210 2047 1286 2087 has
1317 2039 1540 2097 imagines,

134 2124 242 2161 quae
289 2111 519 2161 implevere
566 2114 795 2153 Caesarum
841 2115 1031 2154 atrium?
1092 2115 1220 2154 Nulla
1260 2128 1344 2153 non
1387 2113 1541 2154 harum

134 2177 277 2227 aliquo
316 2191 490 2217 suorum
530 2179 805 2221 incommodo
843 2181 1019 2231 insignis
1057 2185 1143 2228 est;
1198 2194 1324 2220 nemo
1364 2194 1448 2219 non
1487 2193 1541 2219 ex

133 2242 225 2281 istis
260 2243 301 2281 in
339 2250 642 2285 ornamentum
677 2247 945 2287 saeculorum
982 2247 1292 2297 refulgentibus
1328 2247 1429 2286 viris
1465 2251 1539 2286 aut

133 2308 342 2349 desiderio
365 2323 540 2351 suorum
564 2316 707 2353 tortus
729 2318 793 2356 est
817 2318 893 2359 aut
917 2327 942 2360 a
964 2313 1051 2360 suis
1075 2326 1173 2353 cum
1198 2313 1386 2352 maximo
1410 2312 1541 2353 animi
