1667 2524
88 1479 125 1508 10

88 1941 122 1969 11

92 2331 127 2360 12

152 147 207 189 90
597 156 636 189 L.
672 156 865 189 ANNAEI
899 154 1125 189 sENEeAE

152 272 460 322 possessionem
506 273 902 324 proprietatemque
947 274 1149 314 discernit
1196 287 1271 314 nec
1318 274 1548 325 quicquam

151 351 275 377 suum
297 338 427 378 credit
451 352 554 387 esse,
577 340 691 390 quod
713 340 934 390 publicum
953 345 1030 380 est.
1092 340 1148 380 At
1170 340 1237 380 ille
1258 340 1426 390 sapiens
1447 340 1549 380 nihil

150 404 311 444 iudicat
341 418 467 444 suum
497 405 631 456 magis
660 419 790 456 quam
821 406 939 446 euius
968 407 1025 446 illi
1055 420 1151 447 cum
1182 406 1372 446 humano
1400 420 1550 457 genere

151 471 413 511 consortium
456 476 533 512 est.
597 473 682 512 Nec
725 473 838 512 enim
880 478 1021 513 essent
1063 473 1126 512 ita
1168 473 1428 521 communia,
1471 473 1550 513 nisi

151 551 248 588 pars
276 537 444 578 illorum
474 538 706 588 pertineret
736 539 789 578 ad
819 539 1026 588 singulos;
1071 539 1233 579 socium
1261 539 1389 579 efficit
1418 539 1549 579 etiam

151 604 265 655 quod
305 618 357 644 ex
399 605 574 644 minima
613 605 809 655 portione
848 619 1074 646 commune
1112 610 1190 645 est.
1252 605 1383 645 Adice
1422 619 1549 654 nunc,

151 671 266 721 quod
291 684 447 721 magna
469 676 511 711 et
535 685 636 711 vera
659 672 773 711 bona
796 685 881 711 non
904 672 960 712 sic
984 672 1253 720 dividuntur,
1276 676 1324 711 ut
1348 671 1550 721 exiguum

150 736 193 776 in
231 737 419 787 singulos
457 739 606 778 cadat:
661 739 714 778 ad
754 751 1106 789 unumquemque
1145 743 1240 778 tota
1278 738 1548 788 peweniunt.

152 803 218 842 Ex
246 804 460 854 congiario
487 809 662 844 tantum
689 805 832 844 ferunt
861 804 1067 851 homines,
1097 809 1309 856 quantum
1336 804 1379 843 in
1407 804 1550 854 capita

151 870 408 920 promissum
433 875 510 910 est.
572 871 762 921 Epulum
792 876 834 911 et
867 871 1094 911 visceratio
1123 876 1165 911 et
1198 870 1402 922 quicquid
1435 870 1549 910 aliud

152 949 282 976 manu
311 937 492 987 capitur,
513 938 693 978 discedit
714 938 758 977 in
778 942 942 988 partes:
978 942 1022 978 at
1044 937 1146 978 haec
1167 938 1391 977 individua
1421 937 1549 985 bona,

150 1016 236 1054 pax
268 1008 311 1044 et
345 1003 532 1052 libertas,
566 1008 608 1044 et
642 1008 734 1044 tam
768 1004 960 1044 omnium
993 1009 1089 1044 tota
1122 1017 1253 1055 quam
1286 1004 1550 1055 singulorum

150 1074 263 1110 sunt.
324 1070 495 1120 Cogitat
520 1070 682 1121 itaque,
708 1084 783 1121 per
806 1084 934 1121 quem
959 1070 1037 1110 sibi
1064 1070 1216 1109 horum
1240 1083 1342 1110 usus
1366 1070 1551 1110 fruetus—

151 1149 232 1187 que
262 1136 498 1186 contingat,
528 1150 603 1187 per
630 1150 758 1187 quem
787 1150 873 1176 non
902 1137 955 1177 ad
985 1150 1104 1176 arma
1132 1137 1251 1176 illum
1280 1150 1355 1177 nec
1385 1137 1439 1176 ad
1468 1150 1552 1176 ser-

151 1203 316 1243 vandas
343 1202 508 1253 vigilias
536 1217 610 1243 nec
640 1204 693 1243 ad
721 1204 884 1243 tuenda
912 1203 1080 1243 moenia
1114 1207 1156 1243 et
1194 1203 1418 1253 multiplex
1452 1202 1550 1242 belli

151 1269 365 1310 tributum
403 1269 576 1320 publica
614 1270 844 1310 necessitas
882 1274 1021 1318 vocet,
1062 1270 1236 1320 agitque
1275 1268 1551 1320 gubernatori

151 1349 228 1375 suo
243 1336 415 1386 gratias.
478 1336 570 1376 Hoc
587 1336 712 1376 docet
731 1336 1000 1387 philosophia
1017 1336 1257 1386 praecipue,
1274 1336 1382 1375 bene
1399 1335 1551 1375 debere

151 1403 370 1451 beneficia,
399 1403 506 1443 bene
534 1403 717 1442 solvere:
762 1403 978 1442 interdum
1008 1407 1154 1442 autem
1182 1402 1339 1442 solutio
1366 1406 1430 1442 est
1458 1401 1552 1452 ipsa
1600 1447 1602 1449 ‚

151 1469 371 1509 confessio.
432 1469 720 1509 Confitebitur
747 1482 846 1519 ergo
877 1469 1061 1508 multum
1093 1483 1135 1508 se
1165 1469 1319 1508 debere
1348 1468 1400 1515 ei,
1432 1468 1551 1508 cuius

152 1535 524 1575 administratione
581 1549 628 1575 ae
685 1535 958 1585 providentia
1014 1534 1223 1584 contingit
1280 1534 1338 1573 illi
1394 1534 1551 1585 pingue

151 1601 288 1641 otium
309 1606 351 1641 et
379 1602 604 1641 arbitrium
630 1602 694 1641 sui
723 1601 928 1652 temporis
953 1606 995 1641 et
1025 1601 1342 1651 imperturbata
1370 1600 1551 1651 publicis

151 1668 507 1718 occupationibus
533 1668 664 1719 quies.

317 1768 374 1808 ‘O
401 1768 619 1817 Meliboee,
645 1769 749 1808 deus
775 1768 897 1807 nobis
923 1767 1025 1807 haec
1053 1768 1141 1807 otia
1163 1767 1285 1807 fecit:

343 1848 530 1886 namque
557 1835 636 1875 erit
664 1835 732 1874 ille
761 1834 863 1873 mihi
891 1847 1059 1884 semper
1083 1834 1216 1874 deus.'

151 1935 193 1975 Si
220 1935 292 1974 illa
319 1948 489 1987 quoque
521 1935 609 1974 otia
642 1935 826 1974 multum
849 1933 1013 1974 auctori
1045 1946 1123 1974 suo
1154 1934 1329 1982 debent,
1366 1946 1550 1985 quorum

152 2014 308 2041 munus
329 2001 407 2041 hoe
431 2001 668 2040 maximum
689 2005 768 2049 est,

318 2103 326 2119 ‘
342 2101 416 2141 Ille
439 2115 554 2141 meas
575 2115 713 2141 errare
735 2101 882 2149 boves,
904 2105 952 2140 ut
976 2100 1124 2148 cernis,
1142 2104 1184 2140 et
1206 2100 1347 2151 ipsum

345 2168 487 2207 ludere
510 2181 619 2218 quae
637 2168 789 2207 vellem
812 2168 977 2207 calamo
1000 2167 1191 2217 permisit
1215 2167 1406 2217 agresti‚’

153 2256 316 2307 quanti*
338 2257 616 2296 aestimamus
647 2256 725 2296 hoc
758 2256 909 2299 otium,
942 2256 1056 2306 quod
1099 2255 1212 2294 inter
1250 2255 1352 2295 deos
1394 2255 1549 2304 agitur,

156 2323 270 2374 quod
293 2323 394 2362 deos
416 2322 550 2362 facit?
610 2323 679 2362 lta
714 2322 823 2371 dico,
850 2322 994 2370 Lucili,
1017 2326 1059 2362 et
1094 2324 1141 2362 te
1176 2321 1219 2360 in
1251 2321 1415 2361 caelum
1438 2333 1551 2361 com-
