<?xml version="1.0" encoding="UTF-8"?>
<!DOCTYPE html PUBLIC "-//W3C//DTD XHTML 1.0 Transitional//EN"
    "http://www.w3.org/TR/xhtml1/DTD/xhtml1-transitional.dtd">
<html xmlns="http://www.w3.org/1999/xhtml" xml:lang="en" lang="en">
 <head>
  <title>
</title>
<meta http-equiv="Content-Type" content="text/html;charset=utf-8" />
  <meta name='ocr-system' content='tesseract 3.04.00' />
  <meta name='ocr-capabilities' content='ocr_page ocr_carea ocr_par ocr_line ocrx_word'/>
</head>
<body>
  <div class='ocr_page' id='page_1' title='image "./selectedessayssa00seneuoft_0107.png"; bbox 0 0 1667 2524; ppageno 0'>
   <div class='ocr_carea' id='block_1_1' title="bbox 306 103 1497 148">
    <p class='ocr_par' dir='ltr' id='par_1_1' title="bbox 306 103 1497 148">
     <span class='ocr_line' id='line_1_1' title="bbox 306 103 1497 148; baseline -0.004 0"><span class='ocrx_word' id='word_1_1' title='bbox 306 115 373 148; x_wconf 92' lang='lat' dir='ltr'>AD</span> <span class='ocrx_word' id='word_1_2' title='bbox 409 112 659 147; x_wconf 83' lang='lat' dir='ltr'>NERONEM</span> <span class='ocrx_word' id='word_1_3' title='bbox 694 111 760 144; x_wconf 88' lang='lat' dir='ltr'>DE</span> <span class='ocrx_word' id='word_1_4' title='bbox 794 109 1091 143; x_wconf 74' lang='lat' dir='ltr'>CLEMENTIA</span> <span class='ocrx_word' id='word_1_5' title='bbox 1125 108 1222 141; x_wconf 82' lang='lat' dir='ltr'>LIB.</span> <span class='ocrx_word' id='word_1_6' title='bbox 1258 108 1294 140; x_wconf 87' lang='grc' dir='ltr'>ΙΙ</span> <span class='ocrx_word' id='word_1_7' title='bbox 1445 103 1497 143; x_wconf 68' lang='lat'>(57</span> 
     </span>
    </p>
   </div>
   <div class='ocr_carea' id='block_1_2' title="bbox 88 226 1511 2336">
    <p class='ocr_par' dir='ltr' id='par_1_2' title="bbox 97 226 1498 348">
     <span class='ocr_line' id='line_1_2' title="bbox 97 226 1498 282; baseline -0.006 -6"><span class='ocrx_word' id='word_1_8' title='bbox 97 249 146 276; x_wconf 83' lang='lat' dir='ltr'>ac</span> <span class='ocrx_word' id='word_1_9' title='bbox 172 235 384 275; x_wconf 90' lang='lat' dir='ltr'>modestia</span> <span class='ocrx_word' id='word_1_10' title='bbox 410 245 625 282; x_wconf 80' lang='lat' dir='ltr'>resurgere</span> <span class='ocrx_word' id='word_1_11' title='bbox 651 235 693 271; x_wconf 87' lang='lat' dir='ltr'>et</span> <span class='ocrx_word' id='word_1_12' title='bbox 720 230 828 270; x_wconf 79' lang='lat' dir='ltr'>vitia</span> <span class='ocrx_word' id='word_1_13' title='bbox 849 229 1056 269; x_wconf 92' lang='lat' dir='ltr'>diuturno</span> <span class='ocrx_word' id='word_1_14' title='bbox 1083 227 1218 266; x_wconf 86' lang='lat' dir='ltr'>abusa</span> <span class='ocrx_word' id='word_1_15' title='bbox 1246 240 1374 277; x_wconf 79' lang='lat' dir='ltr'>regno</span> <span class='ocrx_word' id='word_1_16' title='bbox 1397 226 1498 267; x_wconf 85' lang='lat' dir='ltr'>dare</span> 
     </span>
     <span class='ocr_line' id='line_1_3' title="bbox 98 295 996 348; baseline -0.009 -7"><span class='ocrx_word' id='word_1_17' title='bbox 98 301 276 341; x_wconf 88' lang='lat' dir='ltr'>tandem</span> <span class='ocrx_word' id='word_1_18' title='bbox 301 300 412 340; x_wconf 85' lang='lat' dir='ltr'>felici</span> <span class='ocrx_word' id='word_1_19' title='bbox 438 312 487 338; x_wconf 86' lang='lat' dir='ltr'>ac</span> <span class='ocrx_word' id='word_1_20' title='bbox 513 311 620 348; x_wconf 93' lang='lat' dir='ltr'>puro</span> <span class='ocrx_word' id='word_1_21' title='bbox 646 296 815 336; x_wconf 88' lang='lat' dir='ltr'>saeculo</span> <span class='ocrx_word' id='word_1_22' title='bbox 842 295 996 334; x_wconf 87' lang='lat' dir='ltr'>locum.</span> 
     </span>
    </p>

    <p class='ocr_par' dir='ltr' id='par_1_3' title="bbox 88 363 1511 2005">
     <span class='ocr_line' id='line_1_4' title="bbox 155 363 1500 412; baseline -0.007 -6"><span class='ocrx_word' id='word_1_23' title='bbox 155 367 214 406; x_wconf 90' lang='lat' dir='ltr'>II.</span> <span class='ocrx_word' id='word_1_24' title='bbox 256 367 472 406; x_wconf 86' lang='lat' dir='ltr'>Futurum</span> <span class='ocrx_word' id='word_1_25' title='bbox 503 363 597 412; x_wconf 86' lang='lat' dir='ltr'>hoc,</span> <span class='ocrx_word' id='word_1_26' title='bbox 629 363 798 410; x_wconf 84' lang='lat' dir='ltr'>Caesar,</span> <span class='ocrx_word' id='word_1_27' title='bbox 828 375 882 401; x_wconf 79' lang='lat' dir='ltr'>ex</span> <span class='ocrx_word' id='word_1_28' title='bbox 912 374 1069 411; x_wconf 82' lang='lat' dir='ltr'>magna</span> <span class='ocrx_word' id='word_1_29' title='bbox 1101 364 1224 410; x_wconf 88' lang='lat' dir='ltr'>parte</span> <span class='ocrx_word' id='word_1_30' title='bbox 1256 373 1425 410; x_wconf 88' lang='lat' dir='ltr'>sperare</span> <span class='ocrx_word' id='word_1_31' title='bbox 1458 365 1500 399; x_wconf 84' lang='lat' dir='ltr'>et</span> 
     </span>
     <span class='ocr_line' id='line_1_5' title="bbox 99 426 1500 473; baseline -0.006 0"><span class='ocrx_word' id='word_1_32' title='bbox 99 433 309 473; x_wconf 87' lang='lat' dir='ltr'>confidere</span> <span class='ocrx_word' id='word_1_33' title='bbox 353 431 470 471; x_wconf 88' lang='lat' dir='ltr'>libet.</span> <span class='ocrx_word' id='word_1_34' title='bbox 545 429 759 469; x_wconf 78' lang='lat' dir='ltr'>Tradetur</span> <span class='ocrx_word' id='word_1_35' title='bbox 802 428 885 467; x_wconf 86' lang='lat' dir='ltr'>ista</span> <span class='ocrx_word' id='word_1_36' title='bbox 927 427 1059 466; x_wconf 89' lang='lat' dir='ltr'>animi</span> <span class='ocrx_word' id='word_1_37' title='bbox 1102 426 1166 465; x_wconf 88' lang='lat' dir='ltr'>tui</span> <span class='ocrx_word' id='word_1_38' title='bbox 1209 426 1500 466; x_wconf 88' lang='lat' dir='ltr'>mansuetudo</span> 
     </span>
     <span class='ocr_line' id='line_1_6' title="bbox 97 492 1501 548; baseline -0.005 -9"><span class='ocrx_word' id='word_1_39' title='bbox 97 498 452 548; x_wconf 71' lang='lat' dir='ltr'>diffundeturque</span> <span class='ocrx_word' id='word_1_40' title='bbox 495 496 707 547; x_wconf 86' lang='lat' dir='ltr'>paulatim</span> <span class='ocrx_word' id='word_1_41' title='bbox 751 508 825 545; x_wconf 88' lang='lat' dir='ltr'>per</span> <span class='ocrx_word' id='word_1_42' title='bbox 868 507 993 532; x_wconf 89' lang='lat' dir='ltr'>omne</span> <span class='ocrx_word' id='word_1_43' title='bbox 1036 492 1202 542; x_wconf 88' lang='lat' dir='ltr'>imperii</span> <span class='ocrx_word' id='word_1_44' title='bbox 1248 506 1414 543; x_wconf 88' lang='lat' dir='ltr'>corpus,</span> <span class='ocrx_word' id='word_1_45' title='bbox 1458 498 1501 532; x_wconf 87' lang='lat' dir='ltr'>et</span> 
     </span>
     <span class='ocr_line' id='line_1_7' title="bbox 99 558 1502 610; baseline -0.004 -6"><span class='ocrx_word' id='word_1_46' title='bbox 99 569 254 605; x_wconf 82' lang='lat' dir='ltr'>cuncta</span> <span class='ocrx_word' id='word_1_47' title='bbox 294 565 337 603; x_wconf 91' lang='lat' dir='ltr'>in</span> <span class='ocrx_word' id='word_1_48' title='bbox 376 563 702 603; x_wconf 86' lang='lat' dir='ltr'>similitudinem</span> <span class='ocrx_word' id='word_1_49' title='bbox 743 566 864 600; x_wconf 67' lang='lat' dir='ltr'>tuam</span> <span class='ocrx_word' id='word_1_50' title='bbox 904 558 1222 599; x_wconf 84' lang='lat' dir='ltr'>formabuntur.</span> <span class='ocrx_word' id='word_1_51' title='bbox 1284 559 1320 597; x_wconf 94' lang='lat' dir='ltr'><strong>A</strong></span> <span class='ocrx_word' id='word_1_52' title='bbox 1362 560 1502 610; x_wconf 90' lang='lat' dir='ltr'>capite</span> 
     </span>
     <span class='ocr_line' id='line_1_8' title="bbox 97 625 1502 678; baseline -0.006 -6"><span class='ocrx_word' id='word_1_53' title='bbox 97 632 211 672; x_wconf 89' lang='lat' dir='ltr'>bona</span> <span class='ocrx_word' id='word_1_54' title='bbox 250 630 457 670; x_wconf 87' lang='lat' dir='ltr'>valetudo</span> <span class='ocrx_word' id='word_1_55' title='bbox 499 630 541 668; x_wconf 90' lang='lat' dir='ltr'>in</span> <span class='ocrx_word' id='word_1_56' title='bbox 580 642 727 668; x_wconf 81' lang='lat' dir='ltr'>omnes</span> <span class='ocrx_word' id='word_1_57' title='bbox 777 626 964 678; x_wconf 76' lang='lat' dir='ltr'>corporis</span> <span class='ocrx_word' id='word_1_58' title='bbox 1011 630 1158 677; x_wconf 82' lang='lat' dir='ltr'>partes</span> <span class='ocrx_word' id='word_1_59' title='bbox 1197 625 1309 674; x_wconf 77' lang='lat' dir='ltr'>exit,·</span> <span class='ocrx_word' id='word_1_60' title='bbox 1359 626 1502 665; x_wconf 86' lang='lat' dir='ltr'>omnia</span> 
     </span>
     <span class='ocr_line' id='line_1_9' title="bbox 99 692 1502 748; baseline -0.004 -11"><span class='ocrx_word' id='word_1_61' title='bbox 99 702 252 748; x_wconf 80' lang='lat' dir='ltr'>vegeta</span> <span class='ocrx_word' id='word_1_62' title='bbox 290 700 391 736; x_wconf 89' lang='lat' dir='ltr'>sunt</span> <span class='ocrx_word' id='word_1_63' title='bbox 430 700 562 746; x_wconf 90' lang='lat' dir='ltr'>atque</span> <span class='ocrx_word' id='word_1_64' title='bbox 599 700 741 734; x_wconf 85' lang='lat' dir='ltr'>erecta</span> <span class='ocrx_word' id='word_1_65' title='bbox 779 698 855 733; x_wconf 88' lang='lat' dir='ltr'>aut</span> <span class='ocrx_word' id='word_1_66' title='bbox 894 693 1096 743; x_wconf 85' lang='lat' dir='ltr'>languore</span> <span class='ocrx_word' id='word_1_67' title='bbox 1134 692 1334 740; x_wconf 89' lang='lat' dir='ltr'>demissa,</span> <span class='ocrx_word' id='word_1_68' title='bbox 1374 697 1502 743; x_wconf 79' lang='lat' dir='ltr'>prout</span> 
     </span>
     <span class='ocr_line' id='line_1_10' title="bbox 99 759 1502 807; baseline -0.004 -4"><span class='ocrx_word' id='word_1_69' title='bbox 99 764 268 803; x_wconf 88' lang='lat' dir='ltr'>animus</span> <span class='ocrx_word' id='word_1_70' title='bbox 311 775 459 802; x_wconf 88' lang='lat' dir='ltr'>eorum</span> <span class='ocrx_word' id='word_1_71' title='bbox 504 761 614 800; x_wconf 85' lang='lat' dir='ltr'>vivit</span> <span class='ocrx_word' id='word_1_72' title='bbox 659 765 735 800; x_wconf 86' lang='lat' dir='ltr'>aut</span> <span class='ocrx_word' id='word_1_73' title='bbox 780 764 956 798; x_wconf 87' lang='lat' dir='ltr'>marcet.</span> <span class='ocrx_word' id='word_1_74' title='bbox 1018 759 1158 797; x_wconf 85' lang='lat' dir='ltr'>Erunt</span> <span class='ocrx_word' id='word_1_75' title='bbox 1205 759 1331 807; x_wconf 75' lang='lat' dir='ltr'>cives,</span> <span class='ocrx_word' id='word_1_76' title='bbox 1377 764 1502 798; x_wconf 89' lang='lat' dir='ltr'>erunt</span> 
     </span>
     <span class='ocr_line' id='line_1_11' title="bbox 99 825 1504 879; baseline -0.003 -10"><span class='ocrx_word' id='word_1_77' title='bbox 99 830 201 869; x_wconf 91' lang='lat' dir='ltr'>socii</span> <span class='ocrx_word' id='word_1_78' title='bbox 230 829 348 879; x_wconf 85' lang='lat' dir='ltr'>digni</span> <span class='ocrx_word' id='word_1_79' title='bbox 378 828 458 868; x_wconf 87' lang='lat' dir='ltr'>hac-</span> <span class='ocrx_word' id='word_1_80' title='bbox 488 827 699 874; x_wconf 85' lang='lat' dir='ltr'>bonitate‚</span> <span class='ocrx_word' id='word_1_81' title='bbox 730 831 773 865; x_wconf 88' lang='lat' dir='ltr'>et</span> <span class='ocrx_word' id='word_1_82' title='bbox 804 826 846 864; x_wconf 88' lang='lat' dir='ltr'>in</span> <span class='ocrx_word' id='word_1_83' title='bbox 878 830 1021 865; x_wconf 86' lang='lat' dir='ltr'>totum</span> <span class='ocrx_word' id='word_1_84' title='bbox 1052 825 1199 864; x_wconf 86' lang='lat' dir='ltr'>orbem</span> <span class='ocrx_word' id='word_1_85' title='bbox 1231 826 1333 864; x_wconf 83' lang='lat' dir='ltr'>recti</span> <span class='ocrx_word' id='word_1_86' title='bbox 1365 839 1504 865; x_wconf 85' lang='lat' dir='ltr'>mores</span> 
     </span>
     <span class='ocr_line' id='line_1_12' title="bbox 100 891 1504 945; baseline -0.004 -10"><span class='ocrx_word' id='word_1_87' title='bbox 100 900 370 936; x_wconf 89' lang='lat' dir='ltr'>revertentur</span> <span class='ocrx_word' id='word_1_88' title='bbox 381 908 390 944; x_wconf 86' lang='lat'>,·</span> <span class='ocrx_word' id='word_1_89' title='bbox 456 898 657 945; x_wconf 73' lang='lat' dir='ltr'>parcetur</span> <span class='ocrx_word' id='word_1_90' title='bbox 705 892 866 943; x_wconf 91' lang='lat' dir='ltr'>ubique</span> <span class='ocrx_word' id='word_1_91' title='bbox 916 891 1116 930; x_wconf 87' lang='lat' dir='ltr'>manibus</span> <span class='ocrx_word' id='word_1_92' title='bbox 1167 891 1266 930; x_wconf 83' lang='lat' dir='ltr'>tuis.</span> <span class='ocrx_word' id='word_1_93' title='bbox 1330 891 1504 931; x_wconf 80' lang='lat' dir='ltr'>Diutius</span> 
     </span>
     <span class='ocr_line' id='line_1_13' title="bbox 100 958 1504 1011; baseline -0.002 -10"><span class='ocrx_word' id='word_1_94' title='bbox 100 975 167 1002; x_wconf 90' lang='lat' dir='ltr'>me</span> <span class='ocrx_word' id='word_1_95' title='bbox 190 962 347 1001; x_wconf 90' lang='lat' dir='ltr'>morari</span> <span class='ocrx_word' id='word_1_96' title='bbox 375 961 443 1000; x_wconf 89' lang='lat' dir='ltr'>hic</span> <span class='ocrx_word' id='word_1_97' title='bbox 466 965 627 1011; x_wconf 84' lang='lat' dir='ltr'>patere,</span> <span class='ocrx_word' id='word_1_98' title='bbox 652 973 738 998; x_wconf 91' lang='lat' dir='ltr'>non</span> <span class='ocrx_word' id='word_1_99' title='bbox 769 963 818 998; x_wconf 87' lang='lat' dir='ltr'>ut</span> <span class='ocrx_word' id='word_1_100' title='bbox 851 958 1059 997; x_wconf 82' lang='lat' dir='ltr'>blandum</span> <span class='ocrx_word' id='word_1_101' title='bbox 1090 958 1267 997; x_wconf 89' lang='lat' dir='ltr'>auribus</span> <span class='ocrx_word' id='word_1_102' title='bbox 1296 958 1382 998; x_wconf 91' lang='lat' dir='ltr'>tuis</span> <span class='ocrx_word' id='word_1_103' title='bbox 1410 959 1504 1007; x_wconf 85' lang='lat' dir='ltr'>(nec</span> 
     </span>
     <span class='ocr_line' id='line_1_14' title="bbox 99 1024 1504 1075; baseline -0.003 -8"><span class='ocrx_word' id='word_1_104' title='bbox 99 1028 213 1068; x_wconf 88' lang='lat' dir='ltr'>enim</span> <span class='ocrx_word' id='word_1_105' title='bbox 243 1027 310 1067; x_wconf 83' lang='lat' dir='ltr'>hic</span> <span class='ocrx_word' id='word_1_106' title='bbox 340 1027 445 1066; x_wconf 89' lang='lat' dir='ltr'>mihi</span> <span class='ocrx_word' id='word_1_107' title='bbox 474 1040 567 1066; x_wconf 91' lang='lat' dir='ltr'>mos</span> <span class='ocrx_word' id='word_1_108' title='bbox 596 1030 681 1074; x_wconf 84' lang='lat' dir='ltr'>est;</span> <span class='ocrx_word' id='word_1_109' title='bbox 727 1025 952 1063; x_wconf 78' lang='lat' dir='ltr'>maluerim</span> <span class='ocrx_word' id='word_1_110' title='bbox 984 1024 1095 1063; x_wconf 81' lang='lat' dir='ltr'>veris</span> <span class='ocrx_word' id='word_1_111' title='bbox 1126 1024 1341 1064; x_wconf 78' lang='lat' dir='ltr'>offendere</span> <span class='ocrx_word' id='word_1_112' title='bbox 1373 1038 1504 1075; x_wconf 88' lang='lat' dir='ltr'>quam</span> 
     </span>
     <span class='ocr_line' id='line_1_15' title="bbox 99 1091 1505 1146; baseline -0.002 -12"><span class='ocrx_word' id='word_1_113' title='bbox 99 1094 265 1146; x_wconf 88' lang='lat' dir='ltr'>placere</span> <span class='ocrx_word' id='word_1_114' title='bbox 289 1093 549 1142; x_wconf 85' lang='lat' dir='ltr'>adulando);</span> <span class='ocrx_word' id='word_1_115' title='bbox 589 1092 692 1143; x_wconf 87' lang='lat' dir='ltr'>quid</span> <span class='ocrx_word' id='word_1_116' title='bbox 717 1105 815 1141; x_wconf 80' lang='lat' dir='ltr'>ergo</span> <span class='ocrx_word' id='word_1_117' title='bbox 839 1095 903 1130; x_wconf 90' lang='lat' dir='ltr'>est</span> <span class='ocrx_word' id='word_1_118' title='bbox 918 1092 935 1129; x_wconf 65' lang='grc' dir='ltr'>’Β</span> <span class='ocrx_word' id='word_1_119' title='bbox 976 1091 1151 1130; x_wconf 84' lang='lat' dir='ltr'>Praeter</span> <span class='ocrx_word' id='word_1_120' title='bbox 1174 1091 1232 1139; x_wconf 82' lang='lat' dir='ltr'>id,</span> <span class='ocrx_word' id='word_1_121' title='bbox 1252 1092 1368 1142; x_wconf 84' lang='lat' dir='ltr'>quod</span> <span class='ocrx_word' id='word_1_122' title='bbox 1395 1091 1505 1131; x_wconf 90' lang='lat' dir='ltr'>bene</span> 
     </span>
     <span class='ocr_line' id='line_1_16' title="bbox 100 1157 1504 1210; baseline -0.003 -10"><span class='ocrx_word' id='word_1_123' title='bbox 100 1160 226 1200; x_wconf 83' lang='lat' dir='ltr'>factis</span> <span class='ocrx_word' id='word_1_124' title='bbox 251 1159 463 1210; x_wconf 77' lang='lat' dir='ltr'>dictisque</span> <span class='ocrx_word' id='word_1_125' title='bbox 491 1159 577 1198; x_wconf 87' lang='lat' dir='ltr'>tuis</span> <span class='ocrx_word' id='word_1_126' title='bbox 604 1171 735 1209; x_wconf 88' lang='lat' dir='ltr'>quam</span> <span class='ocrx_word' id='word_1_127' title='bbox 762 1157 1146 1197; x_wconf 86' lang='lat' dir='ltr'>familiarissimum</span> <span class='ocrx_word' id='word_1_128' title='bbox 1174 1170 1263 1197; x_wconf 90' lang='lat' dir='ltr'>esse</span> <span class='ocrx_word' id='word_1_129' title='bbox 1292 1161 1334 1197; x_wconf 87' lang='lat' dir='ltr'>te</span> <span class='ocrx_word' id='word_1_130' title='bbox 1364 1158 1504 1208; x_wconf 86' lang='lat' dir='ltr'>cupio,</span> 
     </span>
     <span class='ocr_line' id='line_1_17' title="bbox 101 1223 1505 1277; baseline -0.003 -11"><span class='ocrx_word' id='word_1_131' title='bbox 101 1231 165 1275; x_wconf 91' lang='lat' dir='ltr'>ut,</span> <span class='ocrx_word' id='word_1_132' title='bbox 194 1226 309 1277; x_wconf 91' lang='lat' dir='ltr'>quod</span> <span class='ocrx_word' id='word_1_133' title='bbox 338 1239 451 1265; x_wconf 87' lang='lat' dir='ltr'>nunc</span> <span class='ocrx_word' id='word_1_134' title='bbox 479 1230 635 1265; x_wconf 88' lang='lat' dir='ltr'>natura</span> <span class='ocrx_word' id='word_1_135' title='bbox 663 1229 706 1264; x_wconf 90' lang='lat' dir='ltr'>et</span> <span class='ocrx_word' id='word_1_136' title='bbox 734 1225 921 1274; x_wconf 84' lang='lat' dir='ltr'>impetus</span> <span class='ocrx_word' id='word_1_137' title='bbox 949 1229 1028 1272; x_wconf 81' lang='lat' dir='ltr'>est,</span> <span class='ocrx_word' id='word_1_138' title='bbox 1052 1224 1128 1263; x_wconf 86' lang='lat' dir='ltr'>fiat</span> <span class='ocrx_word' id='word_1_139' title='bbox 1157 1223 1378 1272; x_wconf 87' lang='lat' dir='ltr'>iudicium,</span> <span class='ocrx_word' id='word_1_140' title='bbox 1402 1224 1505 1263; x_wconf 92' lang='lat' dir='ltr'>illud</span> 
     </span>
     <span class='ocr_line' id='line_1_18' title="bbox 102 1290 1505 1339; baseline -0.002 -7"><span class='ocrx_word' id='word_1_141' title='bbox 102 1305 270 1332; x_wconf 89' lang='lat' dir='ltr'>mecum</span> <span class='ocrx_word' id='word_1_142' title='bbox 299 1292 519 1332; x_wconf 90' lang='lat' dir='ltr'>considero</span> <span class='ocrx_word' id='word_1_143' title='bbox 546 1291 707 1330; x_wconf 82' lang='lat' dir='ltr'>multas</span> <span class='ocrx_word' id='word_1_144' title='bbox 734 1304 860 1329; x_wconf 81' lang='lat' dir='ltr'>voces</span> <span class='ocrx_word' id='word_1_145' title='bbox 888 1303 1080 1339; x_wconf 79' lang='lat' dir='ltr'>magnas,</span> <span class='ocrx_word' id='word_1_146' title='bbox 1110 1290 1183 1329; x_wconf 88' lang='lat' dir='ltr'>sed</span> <span class='ocrx_word' id='word_1_147' title='bbox 1211 1290 1505 1338; x_wconf 87' lang='lat' dir='ltr'>detestabiles,</span> 
     </span>
     <span class='ocr_line' id='line_1_19' title="bbox 102 1356 1506 1407; baseline -0.001 -9"><span class='ocrx_word' id='word_1_148' title='bbox 102 1359 146 1398; x_wconf 89' lang='lat' dir='ltr'>in</span> <span class='ocrx_word' id='word_1_149' title='bbox 172 1359 310 1398; x_wconf 90' lang='lat' dir='ltr'>vitam</span> <span class='ocrx_word' id='word_1_150' title='bbox 336 1358 572 1397; x_wconf 79' lang='lat' dir='ltr'>humanam</span> <span class='ocrx_word' id='word_1_151' title='bbox 598 1357 841 1407; x_wconf 83' lang='lat' dir='ltr'>pervenisse</span> <span class='ocrx_word' id='word_1_152' title='bbox 868 1356 1138 1407; x_wconf 75' lang='lat' dir='ltr'>celebresque</span> <span class='ocrx_word' id='word_1_153' title='bbox 1164 1356 1290 1406; x_wconf 78' lang='lat' dir='ltr'>volgo</span> <span class='ocrx_word' id='word_1_154' title='bbox 1317 1357 1430 1404; x_wconf 86' lang='lat' dir='ltr'>ferri,</span> <span class='ocrx_word' id='word_1_155' title='bbox 1458 1360 1506 1396; x_wconf 85' lang='lat' dir='ltr'>ut</span> 
     </span>
     <span class='ocr_line' id='line_1_20' title="bbox 88 1423 1507 1482; baseline -0.002 -18"><span class='ocrx_word' id='word_1_156' title='bbox 88 1425 241 1482; x_wconf 79' lang='lat' dir='ltr'>illam:</span> <span class='ocrx_word' id='word_1_157' title='bbox 279 1425 483 1472; x_wconf 87' lang='lat' dir='ltr'>‘oderint‚</span> <span class='ocrx_word' id='word_1_158' title='bbox 506 1425 611 1463; x_wconf 88' lang='lat' dir='ltr'>dum</span> <span class='ocrx_word' id='word_1_159' title='bbox 634 1424 862 1471; x_wconf 86' lang='lat' dir='ltr'>metuant‚&#39;</span> <span class='ocrx_word' id='word_1_160' title='bbox 888 1423 954 1462; x_wconf 87' lang='lat' dir='ltr'>cui</span> <span class='ocrx_word' id='word_1_161' title='bbox 977 1423 1165 1473; x_wconf 82' lang='lat' dir='ltr'>Graecus</span> <span class='ocrx_word' id='word_1_162' title='bbox 1188 1436 1336 1462; x_wconf 80' lang='lat' dir='ltr'>versus</span> <span class='ocrx_word' id='word_1_163' title='bbox 1359 1423 1507 1462; x_wconf 87' lang='lat' dir='ltr'>similis</span> 
     </span>
     <span class='ocr_line' id='line_1_21' title="bbox 103 1489 1508 1542; baseline -0.002 -11"><span class='ocrx_word' id='word_1_164' title='bbox 103 1496 182 1540; x_wconf 85' lang='lat' dir='ltr'>est,</span> <span class='ocrx_word' id='word_1_165' title='bbox 215 1491 288 1542; x_wconf 90' lang='lat' dir='ltr'>qui</span> <span class='ocrx_word' id='word_1_166' title='bbox 318 1504 361 1530; x_wconf 90' lang='lat' dir='ltr'>se</span> <span class='ocrx_word' id='word_1_167' title='bbox 391 1495 563 1530; x_wconf 91' lang='lat' dir='ltr'>mortuo</span> <span class='ocrx_word' id='word_1_168' title='bbox 595 1495 753 1529; x_wconf 84' lang='lat' dir='ltr'>terram</span> <span class='ocrx_word' id='word_1_169' title='bbox 785 1490 950 1529; x_wconf 85' lang='lat' dir='ltr'>misceri</span> <span class='ocrx_word' id='word_1_170' title='bbox 982 1489 1152 1539; x_wconf 83' lang='lat' dir='ltr'>ignibus</span> <span class='ocrx_word' id='word_1_171' title='bbox 1183 1489 1318 1537; x_wconf 86' lang='lat' dir='ltr'>iubet,</span> <span class='ocrx_word' id='word_1_172' title='bbox 1351 1494 1393 1528; x_wconf 87' lang='lat' dir='ltr'>et</span> <span class='ocrx_word' id='word_1_173' title='bbox 1425 1489 1508 1528; x_wconf 89' lang='lat' dir='ltr'>alia</span> 
     </span>
     <span class='ocr_line' id='line_1_22' title="bbox 105 1556 1508 1607; baseline -0.001 -10"><span class='ocrx_word' id='word_1_174' title='bbox 105 1558 232 1597; x_wconf 89' lang='lat' dir='ltr'>huius</span> <span class='ocrx_word' id='word_1_175' title='bbox 261 1562 404 1597; x_wconf 90' lang='lat' dir='ltr'>notae.</span> <span class='ocrx_word' id='word_1_176' title='bbox 465 1557 525 1596; x_wconf 88' lang='lat' dir='ltr'>Ac</span> <span class='ocrx_word' id='word_1_177' title='bbox 554 1557 695 1596; x_wconf 91' lang='lat' dir='ltr'>nescio</span> <span class='ocrx_word' id='word_1_178' title='bbox 727 1556 947 1607; x_wconf 89' lang='lat' dir='ltr'>quomodo</span> <span class='ocrx_word' id='word_1_179' title='bbox 977 1556 1147 1605; x_wconf 79' lang='lat' dir='ltr'>ingenia</span> <span class='ocrx_word' id='word_1_180' title='bbox 1178 1556 1225 1594; x_wconf 63' lang='lat' dir='ltr'>in</span> <span class='ocrx_word' id='word_1_181' title='bbox 1257 1556 1435 1594; x_wconf 80' lang='lat' dir='ltr'>immani</span> <span class='ocrx_word' id='word_1_182' title='bbox 1465 1560 1508 1595; x_wconf 86' lang='lat' dir='ltr'>et</span> 
     </span>
     <span class='ocr_line' id='line_1_23' title="bbox 107 1621 1509 1672; baseline -0.002 -9"><span class='ocrx_word' id='word_1_183' title='bbox 107 1624 245 1663; x_wconf 82' lang='lat' dir='ltr'>invisa</span> <span class='ocrx_word' id='word_1_184' title='bbox 276 1623 458 1663; x_wconf 88' lang='lat' dir='ltr'>materia</span> <span class='ocrx_word' id='word_1_185' title='bbox 490 1623 739 1663; x_wconf 88' lang='lat' dir='ltr'>secundiore</span> <span class='ocrx_word' id='word_1_186' title='bbox 771 1636 837 1661; x_wconf 80' lang='lat' dir='ltr'>ore</span> <span class='ocrx_word' id='word_1_187' title='bbox 868 1626 1170 1672; x_wconf 82' lang='lat' dir='ltr'>expresserunt</span> <span class='ocrx_word' id='word_1_188' title='bbox 1203 1635 1351 1661; x_wconf 89' lang='lat' dir='ltr'>sensus</span> <span class='ocrx_word' id='word_1_189' title='bbox 1384 1621 1509 1661; x_wconf 84' lang='lat' dir='ltr'>vehe-</span> 
     </span>
     <span class='ocr_line' id='line_1_24' title="bbox 109 1688 1511 1737; baseline -0.003 -7"><span class='ocrx_word' id='word_1_190' title='bbox 109 1694 276 1730; x_wconf 90' lang='lat' dir='ltr'>mentes</span> <span class='ocrx_word' id='word_1_191' title='bbox 315 1694 358 1729; x_wconf 89' lang='lat' dir='ltr'>et</span> <span class='ocrx_word' id='word_1_192' title='bbox 401 1690 660 1737; x_wconf 84' lang='lat' dir='ltr'>concitatos;</span> <span class='ocrx_word' id='word_1_193' title='bbox 718 1689 881 1728; x_wconf 86' lang='lat' dir='ltr'>nullam</span> <span class='ocrx_word' id='word_1_194' title='bbox 923 1688 1064 1728; x_wconf 85' lang='lat' dir='ltr'>adhuc</span> <span class='ocrx_word' id='word_1_195' title='bbox 1107 1701 1257 1727; x_wconf 78' lang='lat' dir='ltr'>vocem</span> <span class='ocrx_word' id='word_1_196' title='bbox 1299 1688 1415 1727; x_wconf 86' lang='lat' dir='ltr'>audii</span> <span class='ocrx_word' id='word_1_197' title='bbox 1457 1701 1511 1727; x_wconf 81' lang='lat' dir='ltr'>ex</span> 
     </span>
     <span class='ocr_line' id='line_1_25' title="bbox 106 1755 1510 1807; baseline -0.001 -11"><span class='ocrx_word' id='word_1_198' title='bbox 106 1757 219 1797; x_wconf 90' lang='lat' dir='ltr'>bono</span> <span class='ocrx_word' id='word_1_199' title='bbox 242 1756 410 1807; x_wconf 90' lang='lat' dir='ltr'>lenique</span> <span class='ocrx_word' id='word_1_200' title='bbox 433 1756 686 1795; x_wconf 87' lang='lat' dir='ltr'>animosam.</span> <span class='ocrx_word' id='word_1_201' title='bbox 748 1755 860 1804; x_wconf 83' lang='lat' dir='ltr'>Quid</span> <span class='ocrx_word' id='word_1_202' title='bbox 883 1768 981 1805; x_wconf 81' lang='lat' dir='ltr'>ergo</span> <span class='ocrx_word' id='word_1_203' title='bbox 1005 1760 1068 1794; x_wconf 88' lang='lat' dir='ltr'>est</span> <span class='ocrx_word' id='word_1_204' title='bbox 1083 1756 1101 1793; x_wconf 62' lang='grc' dir='ltr'>ἶ)</span> <span class='ocrx_word' id='word_1_205' title='bbox 1139 1756 1199 1795; x_wconf 93' lang='lat' dir='ltr'>Ut</span> <span class='ocrx_word' id='word_1_206' title='bbox 1218 1768 1327 1802; x_wconf 84' lang='lat' dir='ltr'>raro,</span> <span class='ocrx_word' id='word_1_207' title='bbox 1346 1755 1510 1794; x_wconf 68' lang='lat' dir='ltr'>invitus</span> 
     </span>
     <span class='ocr_line' id='line_1_26' title="bbox 106 1821 1510 1873; baseline -0.002 -10"><span class='ocrx_word' id='word_1_208' title='bbox 106 1827 149 1863; x_wconf 93' lang='lat' dir='ltr'>et</span> <span class='ocrx_word' id='word_1_209' title='bbox 177 1836 273 1862; x_wconf 86' lang='lat' dir='ltr'>cum</span> <span class='ocrx_word' id='word_1_210' title='bbox 300 1835 456 1873; x_wconf 84' lang='lat' dir='ltr'>magna</span> <span class='ocrx_word' id='word_1_211' title='bbox 484 1822 773 1869; x_wconf 74' lang='lat' dir='ltr'>cunctatione,</span> <span class='ocrx_word' id='word_1_212' title='bbox 802 1822 863 1861; x_wconf 85' lang='lat' dir='ltr'>ita</span> <span class='ocrx_word' id='word_1_213' title='bbox 890 1821 1124 1872; x_wconf 88' lang='lat' dir='ltr'>aliquando</span> <span class='ocrx_word' id='word_1_214' title='bbox 1152 1821 1313 1860; x_wconf 85' lang='lat' dir='ltr'>scribas</span> <span class='ocrx_word' id='word_1_215' title='bbox 1340 1834 1510 1860; x_wconf 89' lang='lat' dir='ltr'>necesse</span> 
     </span>
     <span class='ocr_line' id='line_1_27' title="bbox 107 1887 1510 1940; baseline -0.001 -12"><span class='ocrx_word' id='word_1_216' title='bbox 107 1894 172 1929; x_wconf 90' lang='lat' dir='ltr'>est</span> <span class='ocrx_word' id='word_1_217' title='bbox 200 1889 330 1937; x_wconf 83' lang='lat' dir='ltr'>istud,</span> <span class='ocrx_word' id='word_1_218' title='bbox 360 1888 475 1940; x_wconf 94' lang='lat' dir='ltr'>quod</span> <span class='ocrx_word' id='word_1_219' title='bbox 504 1888 583 1928; x_wconf 87' lang='lat' dir='ltr'>tibi</span> <span class='ocrx_word' id='word_1_220' title='bbox 611 1888 655 1926; x_wconf 93' lang='lat' dir='ltr'>in</span> <span class='ocrx_word' id='word_1_221' title='bbox 683 1888 829 1927; x_wconf 90' lang='lat' dir='ltr'>odium</span> <span class='ocrx_word' id='word_1_222' title='bbox 859 1887 1024 1927; x_wconf 86' lang='lat' dir='ltr'>litteras</span> <span class='ocrx_word' id='word_1_223' title='bbox 1053 1888 1252 1935; x_wconf 76' lang='lat' dir='ltr'>adduxit,</span> <span class='ocrx_word' id='word_1_224' title='bbox 1282 1887 1369 1935; x_wconf 88' lang='lat' dir='ltr'>sed,</span> <span class='ocrx_word' id='word_1_225' title='bbox 1399 1887 1510 1926; x_wconf 91' lang='lat' dir='ltr'>sicut</span> 
     </span>
     <span class='ocr_line' id='line_1_28' title="bbox 108 1953 1508 2005; baseline -0.002 -10"><span class='ocrx_word' id='word_1_226' title='bbox 108 1955 227 2004; x_wconf 79' lang='lat' dir='ltr'>facis,</span> <span class='ocrx_word' id='word_1_227' title='bbox 262 1968 358 1994; x_wconf 89' lang='lat' dir='ltr'>cum</span> <span class='ocrx_word' id='word_1_228' title='bbox 389 1968 546 2005; x_wconf 83' lang='lat' dir='ltr'>magna</span> <span class='ocrx_word' id='word_1_229' title='bbox 580 1954 869 2001; x_wconf 88' lang='lat' dir='ltr'>cunctatione,</span> <span class='ocrx_word' id='word_1_230' title='bbox 905 1967 1001 1992; x_wconf 88' lang='lat' dir='ltr'>cum</span> <span class='ocrx_word' id='word_1_231' title='bbox 1034 1954 1181 1992; x_wconf 87' lang='lat' dir='ltr'>multis</span> <span class='ocrx_word' id='word_1_232' title='bbox 1213 1953 1508 1993; x_wconf 87' lang='lat' dir='ltr'>dilationibus.</span> 
     </span>
    </p>

    <p class='ocr_par' dir='ltr' id='par_1_4' title="bbox 110 2019 1510 2204">
     <span class='ocr_line' id='line_1_29' title="bbox 165 2019 1510 2070; baseline -0.001 -10"><span class='ocrx_word' id='word_1_233' title='bbox 165 2021 248 2060; x_wconf 89' lang='grc' dir='ltr'>ΠΙ.</span> <span class='ocrx_word' id='word_1_234' title='bbox 290 2021 345 2060; x_wconf 85' lang='lat' dir='ltr'>Et</span> <span class='ocrx_word' id='word_1_235' title='bbox 388 2034 439 2060; x_wconf 93' lang='lat' dir='ltr'>ne</span> <span class='ocrx_word' id='word_1_236' title='bbox 478 2021 588 2060; x_wconf 87' lang='lat' dir='ltr'>forte</span> <span class='ocrx_word' id='word_1_237' title='bbox 628 2020 815 2070; x_wconf 87' lang='lat' dir='ltr'>decipiat</span> <span class='ocrx_word' id='word_1_238' title='bbox 856 2033 932 2059; x_wconf 92' lang='lat' dir='ltr'>nos</span> <span class='ocrx_word' id='word_1_239' title='bbox 972 2020 1211 2070; x_wconf 89' lang='lat' dir='ltr'>speciosum</span> <span class='ocrx_word' id='word_1_240' title='bbox 1260 2019 1510 2058; x_wconf 90' lang='lat' dir='ltr'>clementiae</span> 
     </span>
     <span class='ocr_line' id='line_1_30' title="bbox 110 2085 1509 2138; baseline -0.001 -12"><span class='ocrx_word' id='word_1_241' title='bbox 110 2101 266 2127; x_wconf 86' lang='lat' dir='ltr'>nomen</span> <span class='ocrx_word' id='word_1_242' title='bbox 301 2087 534 2138; x_wconf 88' lang='lat' dir='ltr'>aliquando</span> <span class='ocrx_word' id='word_1_243' title='bbox 569 2090 612 2126; x_wconf 90' lang='lat' dir='ltr'>et</span> <span class='ocrx_word' id='word_1_244' title='bbox 648 2087 691 2125; x_wconf 91' lang='lat' dir='ltr'>in</span> <span class='ocrx_word' id='word_1_245' title='bbox 728 2086 990 2125; x_wconf 88' lang='lat' dir='ltr'>contrarium</span> <span class='ocrx_word' id='word_1_246' title='bbox 1027 2085 1231 2134; x_wconf 88' lang='lat' dir='ltr'>abducat,</span> <span class='ocrx_word' id='word_1_247' title='bbox 1269 2086 1509 2134; x_wconf 85' lang='lat' dir='ltr'>videamus,</span> 
     </span>
     <span class='ocr_line' id='line_1_31' title="bbox 111 2152 1508 2204; baseline -0.001 -11"><span class='ocrx_word' id='word_1_248' title='bbox 111 2154 213 2204; x_wconf 91' lang='lat' dir='ltr'>quid</span> <span class='ocrx_word' id='word_1_249' title='bbox 253 2154 308 2193; x_wconf 88' lang='lat' dir='ltr'>sit</span> <span class='ocrx_word' id='word_1_250' title='bbox 348 2153 573 2193; x_wconf 89' lang='lat' dir='ltr'>clementia</span> <span class='ocrx_word' id='word_1_251' title='bbox 611 2152 835 2204; x_wconf 88' lang='lat' dir='ltr'>qualisque</span> <span class='ocrx_word' id='word_1_252' title='bbox 873 2152 929 2191; x_wconf 85' lang='lat' dir='ltr'>sit</span> <span class='ocrx_word' id='word_1_253' title='bbox 966 2157 1009 2191; x_wconf 89' lang='lat' dir='ltr'>et</span> <span class='ocrx_word' id='word_1_254' title='bbox 1048 2165 1155 2202; x_wconf 89' lang='lat' dir='ltr'>quos</span> <span class='ocrx_word' id='word_1_255' title='bbox 1193 2152 1297 2191; x_wconf 90' lang='lat' dir='ltr'>fines</span> <span class='ocrx_word' id='word_1_256' title='bbox 1335 2152 1508 2192; x_wconf 86' lang='lat' dir='ltr'>habeat.</span> 
     </span>
    </p>

    <p class='ocr_par' dir='ltr' id='par_1_5' title="bbox 112 2218 1511 2336">
     <span class='ocr_line' id='line_1_32' title="bbox 167 2218 1510 2269; baseline 0 -11"><span class='ocrx_word' id='word_1_257' title='bbox 167 2219 404 2259; x_wconf 88' lang='lat' dir='ltr'>Clementia</span> <span class='ocrx_word' id='word_1_258' title='bbox 426 2223 490 2258; x_wconf 90' lang='lat' dir='ltr'>est</span> <span class='ocrx_word' id='word_1_259' title='bbox 512 2219 801 2269; x_wconf 84' lang='lat' dir='ltr'>temperantia</span> <span class='ocrx_word' id='word_1_260' title='bbox 823 2218 954 2257; x_wconf 87' lang='lat' dir='ltr'>animi</span> <span class='ocrx_word' id='word_1_261' title='bbox 976 2218 1019 2256; x_wconf 92' lang='lat' dir='ltr'>in</span> <span class='ocrx_word' id='word_1_262' title='bbox 1041 2222 1258 2268; x_wconf 78' lang='lat' dir='ltr'>potestate</span> <span class='ocrx_word' id='word_1_263' title='bbox 1280 2218 1510 2258; x_wconf 89' lang='lat' dir='ltr'>ulciscendi</span> 
     </span>
     <span class='ocr_line' id='line_1_33' title="bbox 112 2284 1511 2336; baseline 0.001 -13"><span class='ocrx_word' id='word_1_264' title='bbox 112 2284 179 2324; x_wconf 87' lang='lat' dir='ltr'>vel</span> <span class='ocrx_word' id='word_1_265' title='bbox 204 2284 358 2325; x_wconf 90' lang='lat' dir='ltr'>lenitas</span> <span class='ocrx_word' id='word_1_266' title='bbox 382 2284 611 2336; x_wconf 91' lang='lat' dir='ltr'>superioris</span> <span class='ocrx_word' id='word_1_267' title='bbox 635 2284 841 2324; x_wconf 87' lang='lat' dir='ltr'>adversus</span> <span class='ocrx_word' id='word_1_268' title='bbox 864 2284 1107 2323; x_wconf 86' lang='lat' dir='ltr'>inferiorem</span> <span class='ocrx_word' id='word_1_269' title='bbox 1130 2284 1174 2323; x_wconf 87' lang='lat' dir='ltr'>in</span> <span class='ocrx_word' id='word_1_270' title='bbox 1199 2284 1511 2325; x_wconf 87' lang='lat' dir='ltr'>constituendis</span> 
     </span>
    </p>
   </div>
   <div class='ocr_carea' id='block_1_3' title="bbox 1531 905 1549 932">
    <p class='ocr_par' dir='ltr' id='par_1_6' title="bbox 1531 905 1549 932">
     <span class='ocr_line' id='line_1_34' title="bbox 1531 905 1549 932; textangle 90"><span class='ocrx_word' id='word_1_271' title='bbox 1531 905 1549 932; x_wconf 61' lang='grc' dir='ltr'>[Ο</span> 
     </span>
    </p>
   </div>
  </div>
 </body>
</html>
