1667 2524
337 135 405 167 AD
441 133 691 167 NERONEM
726 133 792 165 DE
825 131 1118 165 cLEMENTIA
1153 131 1247 163 LIB.
1284 132 1300 163 I
1463 128 1515 169 53

116 267 246 305 quam
297 253 450 292 ultima
501 251 732 292 necessitas
781 250 997 290 extundit.
1059 249 1294 300 Relinquat
1345 254 1516 300 oportet

115 320 249 360 securi
288 319 448 370 aliquid
487 322 628 357 metus
665 317 889 367 multoque
926 316 1021 366 plus
1058 316 1145 366 spei
1185 329 1315 366 quam
1353 316 1516 366 pericu-

116 386 252 426 lorum
279 389 490 433 ostentet;
532 384 706 434 alioqui,
734 383 806 422 ubi
834 383 1070 434 quiescenti
1097 383 1217 433 paria
1244 386 1513 431 metuuntur,

115 453 325 492 incurrere
345 452 387 490 in
408 450 596 502 pericula
616 450 738 489 iuvat
759 454 801 489 et
822 455 864 488 ut
885 449 1023 489 aliena
1044 449 1189 488 anima
1210 449 1346 488 abuti.

171 518 299 557 XIII.
341 518 515 557 Placido
542 516 861 568 tranquilloque
888 516 973 566 regi
999 516 1084 555 fida
1111 520 1211 555 sunt
1238 515 1398 555 auxilia
1424 529 1514 564 sua,

115 589 164 625 ut
201 584 357 636 quibus
395 585 449 624 ad
489 596 760 623 communem
799 583 982 623 salutem
1020 587 1184 630 utatur,
1223 582 1516 633 gloriosusque

116 651 235 691 miles
277 651 490 702 (publicae
528 651 642 690 enim
681 650 901 690 securitati
941 663 983 689 se
1021 650 1123 689 dare
1162 662 1336 699 operam
1376 649 1512 697 videt)

115 731 286 757 omnem
326 717 514 757 laborem
555 717 689 757 libens
728 717 895 767 patitur
932 720 981 756 ut
1020 716 1212 766 parentis
1252 720 1416 764 custos;
1471 719 1516 754 at

114 784 233 824 illum
275 784 476 824 acerbum
517 788 560 824 et
601 783 925 833 sanguinarium
968 796 1136 822 necesse
1177 786 1241 822 est
1282 786 1518 832 graventur

114 851 345 901 stipatores
380 851 458 890 sui.
520 851 617 889 Non
653 854 797 901 potest
834 849 990 889 habere
1027 850 1257 900 quisquam
1295 849 1432 888 bonae
1468 862 1517 888 ac

114 917 225 957 fidae
253 917 493 957 voluntatis
521 917 753 965 ministros,
783 917 940 968 quibus
968 917 1010 955 in
1040 916 1268 956 tormentis
1295 920 1344 955 ut
1372 915 1516 955 eculeo

113 988 157 1023 et
197 984 468 1023 ferramentis
509 984 563 1023 ad
605 988 789 1023 mortem
831 983 994 1034 paratis
1035 983 1187 1030 utitur,
1231 982 1388 1033 quibus
1431 995 1516 1021 non

114 1050 238 1090 aliter
259 1063 390 1101 quam
413 1049 561 1090 bestiis
583 1049 776 1089 homines
798 1050 1002 1097 obiectat,
1026 1049 1226 1088 omnibus
1249 1049 1328 1088 reis
1350 1062 1516 1088 aerum-

115 1117 257 1156 nosior
286 1130 334 1155 ac
365 1116 597 1164 sollicitior,
628 1121 677 1156 ut
708 1116 780 1167 qui
811 1116 1004 1155 homines
1034 1116 1222 1166 deosque
1253 1120 1384 1155 testes
1414 1115 1516 1154 faci-

115 1196 267 1222 norum
293 1196 341 1222 ac
367 1183 557 1223 vindices
582 1183 748 1231 timeat,
774 1196 823 1222 eo
849 1183 1095 1233 perductus,
1121 1186 1170 1221 ut
1195 1195 1281 1221 non
1308 1181 1432 1221 liceat
1458 1181 1515 1220 illi

115 1254 283 1289 mutare
326 1263 478 1289 mores.
540 1249 633 1288 Hoc
676 1249 789 1288 enim
833 1249 944 1288 inter
987 1253 1127 1288 cetera
1171 1248 1237 1287 vel
1282 1248 1515 1298 pessimum

115 1315 246 1355 habet
268 1315 518 1355 crudelitas:
554 1315 915 1366 perseverandum
936 1319 1000 1354 est
1021 1328 1097 1354 nec
1118 1315 1172 1354 ad
1194 1314 1370 1354 meliora
1391 1318 1514 1364 patet

115 1395 346 1432 regressus;
398 1382 554 1422 scelera
589 1382 703 1422 enim
751 1381 978 1421 sceleribus
1014 1381 1176 1420 tuenda
1212 1385 1326 1420 sunt.
1402 1381 1514 1429 Quid

115 1452 260 1488 autem
293 1462 342 1488 eo
378 1448 600 1496 infelicius,
635 1449 701 1487 cui
734 1448 819 1487 iam
852 1461 941 1487 esse
974 1447 1087 1486 malo
1121 1460 1289 1487 necesse
1323 1449 1419 1487 est?
1480 1447 1515 1486 O

115 1514 398 1554 miserabilem
438 1515 572 1562 illum,
602 1514 681 1553 sibi
723 1516 858 1554 certe!
900 1527 1000 1553 nam
1031 1514 1180 1554 ceteris
1210 1514 1396 1553 misereri
1425 1514 1516 1554 eius

115 1582 234 1621 nefas
258 1581 328 1629 sit,
355 1581 428 1632 qui
455 1581 656 1621 caedibus
681 1594 729 1620 ac
756 1581 915 1631 rapinis
941 1581 1183 1631 potentiam
1208 1581 1414 1628 exercuit,
1441 1581 1515 1631 qui

115 1651 313 1698 suspecta
343 1647 422 1687 sibi
454 1652 609 1687 cuncta
639 1647 825 1687 reddidit
856 1651 947 1686 tam
977 1651 1156 1687 externa
1186 1660 1318 1698 quam
1347 1647 1515 1686 domes-

116 1714 214 1762 tica,
250 1727 346 1753 cum
380 1703 500 1752 arma
533 1718 715 1762 metuat,
751 1714 804 1753 ad
839 1727 958 1752 arma
993 1713 1255 1763 confugiens,
1291 1727 1377 1752 non
1410 1714 1515 1752 ami-

117 1793 262 1819 corum
304 1780 401 1819 fidei
446 1780 633 1828 credens,
676 1793 761 1819 non
804 1780 957 1830 pietati
1001 1780 1229 1819 liberorum
1243 1792 1251 1828 ;
1310 1780 1397 1831 qui,
1441 1779 1514 1819 ubi

117 1846 433 1897 circumspexit,
480 1859 676 1898 quaeque
720 1847 822 1886 fecit
867 1860 1063 1897 quaeque
1108 1847 1302 1886 facturus
1347 1850 1425 1894 est,
1471 1850 1515 1886 et

117 1913 421 1952 conscientiam
454 1926 576 1952 suam
609 1913 780 1963 plenam
812 1913 1040 1952 sceleribus
1072 1926 1121 1952 ac
1154 1913 1381 1952 tormentis
1413 1912 1515 1952 ada-

116 1979 270 2029 peruit,
304 1992 429 2029 saepe
461 1983 645 2019 mortem
678 1980 817 2027 timet,
851 1979 1020 2029 saepius
1053 1983 1192 2029 optat,
1226 1979 1404 2018 invisior
1434 1978 1514 2018 sibi

117 2058 247 2096 quam
300 2045 598 2085 servientibus.
659 2046 695 2084 E
749 2046 962 2085 contrario
1016 2045 1063 2093 is,
1118 2045 1183 2084 cui
1238 2058 1361 2084 curae
1414 2049 1515 2085 sunt

116 2112 329 2159 universa,
361 2112 434 2163 qui
465 2112 547 2151 alia
577 2112 727 2162 magis,
759 2112 841 2151 alia
872 2112 1013 2151 minus
1044 2116 1204 2160 tuetur,
1236 2112 1397 2151 nullam
1429 2125 1514 2151 non

117 2178 174 2217 rei
209 2178 405 2228 publicae
440 2182 608 2229 partem
644 2183 869 2230 tamquam
905 2179 969 2218 sui
1006 2178 1157 2225 nutrit,
1194 2178 1424 2218 inclinatus
1459 2178 1513 2218 ad

117 2244 302 2293 mitiora,
335 2245 481 2293 etiam,
515 2245 548 2284 si
581 2258 634 2284 ex
666 2258 745 2284 usu
777 2250 842 2284 est
875 2245 1233 2292 animadvertere,
1268 2245 1512 2292 ostendens,

117 2324 248 2363 quam
277 2311 439 2352 invitus
468 2324 617 2363 aspero
647 2312 833 2352 remedio
862 2325 1016 2352 manus
1045 2312 1292 2360 admoveat,
1323 2312 1365 2350 in
1396 2311 1514 2351 cuius

1550 860 1569 887 [ὁ
