1667 2524
438 129 506 162 AD
540 127 786 162 LUCILIUM
820 126 1066 161 EPISTULA
1100 126 1187 160 LXI
1450 122 1504 165 ST

107 248 228 313 Prior
243 248 310 288 ille
327 248 495 298 sapiens
515 252 594 295 est,
613 260 740 298 quem
758 260 843 286 non
865 246 950 286 tela
967 246 1198 294 vibrantia,
1216 259 1302 285 non
1319 247 1503 286 arietata

107 315 218 354 inter
255 328 295 353 se
333 327 452 353 arma
483 314 664 364 agminis
693 314 827 361 densi,
860 326 945 352 non
976 312 1092 352 urbis
1124 313 1331 363 impulsae
1362 313 1505 362 fragor

107 381 275 420 territat
292 394 299 419 :
330 380 396 419 hic
418 380 526 420 alter
542 380 765 430 imperitus
779 385 857 427 est,
873 379 998 419 rebus
1015 379 1100 418 suis
1118 379 1242 419 timet
1259 379 1313 419 ad
1331 392 1503 418 omnem

108 448 318 497 crepitum
336 460 639 497 expavescens,
657 459 784 497 quem
799 459 885 485 una
900 445 1117 496 quaelibet
1135 458 1222 484 vox
1237 458 1313 496 pro
1328 446 1503 485 fremitu

108 518 285 563 accepta
299 513 443 561 deicit,
460 525 588 563 quem
603 517 747 552 motus
766 512 968 552 levissimi
984 512 1257 551 exanimant:
1301 512 1503 551 timidum

106 579 226 618 illum
247 580 438 618 sarcinae
457 579 636 618 faciunt.
680 578 1004 629 Quemcumque
1027 592 1081 618 ex
1103 579 1194 618 istis
1217 578 1411 618 felicibus
1424 578 1503 617 ele-

105 645 226 695 geris,
249 645 387 685 multa
409 645 695 693 trahentibus,
720 645 861 684 multa
884 644 1174 695 portantibus,
1198 644 1363 684 videbis
1384 644 1503 683 illum

105 712 360 762 ‘comitique
389 713 592 763 onerique
622 712 877 751 timentem.y
937 712 1056 750 Tunc
1084 724 1182 761 ergo
1211 716 1253 751 te
1281 712 1387 751 scito
1415 724 1504 750 esse

107 779 408 828 compositum,
434 792 530 818 cum
553 779 606 818 ad
637 784 679 818 te
708 778 849 818 nullus
879 778 1038 817 clamor
1066 778 1312 829 pertinebit,
1337 791 1433 817 cum
1462 782 1505 816 te

108 845 224 884 nulla
242 859 328 884 vox
345 845 423 885 tibi
441 846 646 893 excutiet,
665 859 750 884 non
768 846 801 884 si
821 845 1080 893 blandietur,
1099 858 1185 884 non
1202 846 1236 884 si
1254 844 1504 891 minabitur,

105 925 191 951 non
221 912 254 951 si
285 912 402 951 inani
425 925 528 951 sono
552 925 665 951 vana
690 913 1029 962 circumstrepet.
1091 910 1224 959 ‘Quid
1258 912 1388 961 ergo?
1419 923 1506 949 non

108 978 341 1028 aliquando
378 979 644 1018 commodius
678 983 741 1018 est
777 983 819 1018 et
858 991 997 1017 carere
1034 978 1276 1017 convicio?’
1336 977 1505 1016 Fateor.

107 1044 263 1095 Itaque
284 1058 361 1094 ego
382 1058 435 1084 ex
458 1044 536 1083 hoc
559 1044 650 1083 loco
673 1044 880 1094 migrabo.
943 1044 1139 1095 Experiri
1161 1049 1203 1084 et
1225 1057 1418 1084 exercere
1440 1056 1507 1083 me

107 1110 237 1149 volui.
299 1110 411 1159 Quid
438 1124 606 1150 necesse
632 1116 694 1150 est
722 1111 887 1150 diutius
912 1111 1117 1161 torqueri,
1146 1123 1241 1149 cum
1268 1115 1359 1150 tam
1384 1109 1508 1149 facile

106 1177 342 1216 remedium
367 1176 514 1217 Ulixes
538 1177 662 1216 sociis
685 1178 817 1216 etiam
842 1177 1048 1217 adversus
1072 1177 1241 1217 Sirenas
1265 1176 1508 1216 invenerit?

105 1242 242 1283 VALE.

590 1365 874 1405 EPISTULA
922 1364 1025 1404 LXI

420 1465 600 1506 SENECA
637 1465 825 1505 LUCILIO
863 1477 947 1504 suo
984 1477 1192 1504 sALUTEM

164 1565 434 1614 Desinamus,
463 1566 578 1616 quod
607 1565 836 1613 voluimus,
865 1565 985 1605 velle.
1047 1565 1138 1615 Ego
1178 1569 1290 1605 certe
1329 1564 1372 1604 id
1415 1577 1509 1614 ago,

107 1644 238 1671 senex
269 1645 320 1671 ne
352 1631 502 1671 eadem
534 1631 677 1679 velim,
710 1645 820 1682 quae
852 1645 958 1682 puer
988 1631 1118 1671 volui.
1180 1631 1232 1670 In
1263 1630 1343 1670 hoc
1376 1643 1510 1670 unum

106 1702 211 1737 eunt
254 1698 357 1746 dies,
404 1698 447 1736 in
491 1697 570 1737 hoc
615 1703 777 1746 noctes,
823 1698 902 1737 hoc
947 1711 1055 1748 opus
1100 1711 1244 1737 meum
1287 1702 1366 1745 est,
1407 1696 1511 1736 haec

109 1764 334 1813 cogitatio:
404 1764 623 1814 imponere
674 1764 893 1804 veteribus
941 1764 1064 1803 malis
1113 1764 1255 1803 finem.
1316 1763 1366 1803 Id
1415 1776 1509 1813 ag0‚

107 1835 156 1869 ut
187 1829 291 1868 mihi
335 1830 470 1870 instar
516 1831 650 1870 totius
680 1831 796 1870 vitae
841 1828 929 1870 dies
985 1831 1054 1870 sit.
1116 1830 1204 1870 Nec
1249 1829 1511 1869 mehercules

109 1900 335 1946 tamquam
370 1896 573 1936 ultimum
610 1896 743 1947 rapio,
781 1897 853 1936 sed
898 1897 956 1936 sic
1000 1896 1119 1935 illum
1160 1895 1364 1946 adspicio,
1401 1900 1511 1934 tam-

111 1975 243 2012 quam
285 1975 374 2002 esse
417 1962 483 2002 vel
526 1963 704 2002 ultimus
746 1963 894 2013 possit.
958 1963 1050 2002 Hoc
1094 1963 1237 2001 animo
1280 1962 1358 2001 tibi
1401 1961 1511 2000 hanc

110 2028 341 2078 epistulam
372 2029 525 2077 scribo,
556 2034 782 2080 tamquam
812 2042 879 2069 me
911 2042 1007 2069 cum
1037 2029 1225 2068 maxime
1254 2028 1512 2067 scribentem

110 2107 224 2133 mors
263 2099 497 2134 evocatura
537 2095 606 2134 sit.
668 2095 851 2135 Paratus
891 2095 1006 2135 exire
1045 2108 1140 2134 sum
1179 2099 1222 2134 et
1262 2095 1356 2134 ideo
1395 2095 1514 2133 fruar

111 2160 217 2208 vita,
247 2161 348 2211 quia
377 2174 508 2211 quam
535 2161 609 2201 diu
636 2162 833 2201 futurum
860 2161 940 2200 hoc
968 2162 1038 2209 sit,
1067 2175 1152 2200 non
1180 2161 1305 2200 nimis
1332 2160 1511 2211 pendeo.

112 2225 226 2265 Ante
258 2231 525 2266 senectutem
558 2228 717 2275 curavi,
750 2233 798 2267 ut
830 2227 937 2267 bene
968 2228 1173 2275 viverem,
1205 2227 1248 2266 in
1278 2231 1513 2274 senectute,

111 2296 160 2331 ut
203 2292 310 2332 bene
351 2293 529 2332 moriar:
585 2293 693 2333 bene
733 2298 880 2333 autem
920 2294 1028 2332 mori
1068 2298 1132 2333 est
1173 2293 1354 2333 libenter
1392 2293 1514 2332 mori.

1532 254 1569 282 13

1533 585 1570 612 14

1535 918 1572 946 15

1540 1970 1558 1998 10
