1667 2524
446 111 514 145 AD
548 111 794 145 LUCILIUM
828 109 1074 144 EPISTULA
1108 110 1190 143 LVI
1459 106 1513 146 85

108 232 244 282 Magis
284 230 388 270 mihi
430 230 603 271 videtur
643 243 730 269 vox
770 242 951 269 avocare
993 242 1124 280 quam
1168 229 1368 280 crepitus.
1431 229 1510 269 Illa
1540 242 1559 270 4

106 299 220 338 enim
235 299 428 337 animum
445 295 717 344 adducit‚hic
735 300 909 335 tantum
926 308 1049 335 aures
1066 295 1215 346 implet
1233 309 1281 335 ac
1295 295 1506 336 verberat.

107 364 159 404 In
187 363 265 412 his,
295 376 405 415 quae
433 376 501 402 me
528 363 618 402 sine
647 362 902 401 avocatione
933 361 1309 412 circumstrepunt,
1341 363 1510 402 essedas

107 434 446 471 transcurrentes
479 441 593 479 pono
626 432 669 468 et
703 427 875 467 fabrum
910 427 1168 478 inquilinum
1204 432 1247 467 et
1282 429 1509 468 serrarium

107 496 310 543 vicinum,
337 500 414 535 aut
440 494 567 542 hunc,
595 494 668 545 qui
695 494 749 533 ad
779 493 941 533 Metam
968 493 1208 533 Sudantem
1239 494 1413 534 tubulas
1438 509 1509 536 ex-

105 561 271 613 peritur
297 566 340 601 et
371 561 513 609 tibias,
545 573 621 600 nec
653 565 816 608 cantat,
848 560 920 599 sed
952 560 1181 600 exclamat.
1244 561 1508 601 Etiamnunc

104 629 324 669 molestior
343 633 408 668 est
436 627 539 666 mihi
567 640 711 675 sonus,
735 627 808 678 qui
837 627 1143 666 intermittitur
1171 627 1351 668 subinde
1377 641 1508 679 quam

105 695 179 746 qui
208 695 500 735 continuatur.
561 694 642 734 Sed
672 694 758 733 iarn
787 707 854 733 me
882 694 941 733 sic
971 694 1024 733 ad
1055 694 1200 733 omnia
1228 694 1311 734 ista
1338 695 1507 744 duravi,
1536 708 1554 737 5

104 766 154 801 ut
179 762 326 801 audire
353 761 418 801 vel
446 761 695 811 pausarium
723 761 883 811 possim
911 773 1015 800 voce
1042 760 1316 800 acerbissima
1343 762 1508 812 remigi-

105 827 183 867 bus
217 828 367 868 modos
398 827 591 867 dantem.
652 826 859 866 Animum
892 827 1006 866 enim
1041 840 1144 877 cogo
1177 826 1256 866 sibi
1290 828 1507 868 intentum

103 907 193 934 esse
223 907 298 934 nec
328 894 499 933 avocari
529 893 584 933 ad
613 897 814 933 externa:
859 894 1004 933 omnia
1034 893 1132 933 licet
1161 894 1263 933 foris
1292 899 1505 943 resonent,

103 960 208 1000 dum
236 961 353 1000 intus
381 959 485 998 nihil
514 959 730 999 tumultus
757 960 827 1007 sit,
856 959 960 999 dum
990 960 1101 999 inter
1128 973 1171 999 se
1199 973 1284 999 non
1313 961 1508 1001 rixentur

105 1026 319 1077 cupiditas
358 1030 401 1066 et
443 1026 586 1073 timor,
627 1026 732 1066 dum
774 1026 959 1065 avaritia
1001 1026 1256 1077 luxuriaque
1297 1039 1382 1065 non
1422 1027 1506 1067 dis-

104 1091 275 1132 sideant
314 1105 390 1132 nec
431 1092 566 1132 altera
606 1092 787 1132 alteram
828 1096 970 1132 vexet.
1033 1092 1145 1131 Nam
1186 1093 1289 1143 quid
1330 1093 1505 1143 prodest

103 1158 240 1199 totius
261 1158 444 1210 regionis
466 1158 696 1207 silentium,
721 1158 755 1199 si
777 1158 975 1198 adfectus
996 1158 1217 1198 fremunt?

242 1253 421 1294 ‘Omnia
444 1254 582 1293 noctis
603 1257 726 1293 erant
748 1252 918 1304 placida
941 1257 1165 1304 composta
1187 1253 1360 1304 quiete.’
1532 1269 1551 1297 6

103 1348 277 1388 Falsum
303 1353 382 1388 est.
444 1348 571 1388 Nulla
598 1348 768 1399 placida
794 1352 858 1388 est
886 1348 1020 1399 quies,
1044 1348 1122 1387 nisi
1151 1361 1236 1399 qua
1259 1349 1368 1388 ratio
1392 1362 1504 1388 com-

103 1416 268 1466 posuit:
301 1428 387 1454 nox
403 1414 579 1455 exhibet
596 1414 854 1462 molestiam,
873 1428 959 1454 non
977 1414 1103 1462 tollit,
1121 1419 1164 1454 et
1196 1414 1504 1455 sollicitudines

102 1486 260 1521 mutat.
322 1481 434 1520 Nam
472 1481 781 1521 dormientium
821 1494 993 1532 quoque
1032 1481 1244 1520 insomnia
1284 1485 1375 1520 tam
1416 1486 1504 1521 tur-

102 1547 280 1588 bulenta
313 1552 414 1587 sunt
447 1560 578 1599 quam
611 1547 714 1587 dies.
776 1547 856 1587 Illa
889 1547 1181 1598 tranquillitas
1214 1560 1315 1587 vera
1347 1552 1426 1596 est,
1460 1549 1503 1587 in

102 1626 233 1665 quarn
265 1613 379 1653 bona
403 1627 524 1654 mens
554 1613 809 1664 explicatur.
870 1613 1054 1669 Adspice
1080 1613 1214 1661 illum,
1239 1614 1304 1653 cui
1326 1627 1502 1654 somnus
1530 1627 1548 1656 7

102 1680 224 1720 laxae
247 1680 401 1720 domus
425 1680 594 1720 silentio
619 1681 855 1731 quaeritur,
882 1681 1001 1720 cuius
1025 1693 1147 1719 aures
1172 1693 1223 1719 ne
1248 1680 1343 1731 quis
1367 1681 1502 1731 agitet

101 1759 244 1795 sonus,
288 1747 427 1786 omnis
469 1759 690 1786 servorum
735 1746 864 1786 turba
909 1747 1116 1786 conticuit
1159 1750 1202 1786 et
1246 1759 1500 1797 suspensum

101 1813 399 1853 accedentium
448 1813 624 1864 propius
670 1813 901 1863 vestigium
951 1813 1147 1863 ponitur:
1214 1812 1296 1852 huc
1347 1826 1500 1863 nempe

102 1884 298 1919 versatur
333 1884 465 1930 atque
501 1879 614 1927 illuc,
646 1892 846 1918 somnum
884 1879 996 1918 inter
1032 1879 1322 1929 aegritudines
1361 1879 1497 1919 levem

102 1950 295 1997 captans.
356 1946 475 1994 Quae
516 1959 602 1984 non
643 1946 780 1993 audit,
823 1946 992 1985 audisse
1033 1959 1076 1985 se
1118 1946 1324 1996 queritur.
1385 1944 1496 1993 Quid
1526 1961 1545 1989 8

100 2012 144 2051 in
181 2016 472 2074 causaKputas
507 2013 628 2051 esse?
678 2012 860 2051 Animus
897 2011 954 2050 illi
992 2011 1217 2061 obstrepit.
1291 2011 1372 2050 Hic
1409 2011 1498 2062 pla-

102 2078 264 2118 candus
297 2071 388 2126 ests
396 2074 891 2128 >'li1‘1‘i'u‘smc‘6mpescenda
932 2078 1085 2117 seditio
1126 2081 1205 2125 est,
1242 2090 1370 2128 quem
1412 2091 1497 2117 non

100 2148 165 2184 est
193 2145 307 2195 quod
335 2144 554 2184 existimes
582 2144 814 2195 placidum,
843 2144 876 2183 si
904 2144 1015 2183 iacet
1044 2156 1208 2194 corpus.
1271 2144 1496 2184 Interdum

101 2211 221 2261 quies
250 2211 443 2261 inquieta
480 2214 558 2250 est.
619 2210 677 2250 Et
714 2210 809 2250 ideo
848 2210 902 2250 ad
941 2222 1080 2249 rerum
1119 2214 1241 2250 actus
1278 2211 1496 2251 excitandi

101 2289 150 2316 ac
186 2277 445 2317 tractatione
479 2276 691 2316 bonarum
726 2277 885 2316 artium
921 2276 1159 2327 occupandi
1194 2289 1355 2325 sumus,
1392 2290 1496 2328 quo-
