1667 2524
318 117 385 151 AD
421 117 671 151 NERONEM
705 117 772 149 DE
805 116 1097 150 CLEMENTIA
1131 116 1225 150 LIB.
1262 117 1298 150 II
1449 114 1502 154 69

110 237 234 275 Hanc
271 235 496 276 clementia
531 235 696 285 repellit
732 234 854 284 longe
889 234 1047 273 iussam
1083 238 1197 274 stare
1232 248 1256 274 a
1291 248 1334 275 se
1345 248 1355 284 ;
1407 248 1503 275 cum

107 303 337 343 severitate
362 302 419 340 illi
446 301 660 341 convenit.

163 370 229 410 Ad
248 382 335 409 rem
353 368 539 419 pertinet
557 381 758 419 quaerere
776 367 855 407 hoc
874 366 979 416 loco,
998 368 1101 419 quid
1119 368 1174 407 sit
1192 368 1503 418 misericordia,·

108 436 298 487 plerique
328 435 441 475 enim
463 438 512 474 ut
534 434 741 474 virtutem
773 447 867 473 eam
897 434 1077 474 laudant
1105 438 1148 474 et
1177 434 1339 473 bonum
1368 434 1503 474 homi-

108 515 205 542 nem
237 506 395 541 vocant
426 501 754 541 misericordem.
834 501 891 540 Et
927 500 1030 540 haec
1066 501 1221 540 vitium
1258 501 1387 540 animi
1423 506 1501 541 est.

109 569 303 620 Utraque
345 568 453 608 circa
494 568 768 607 severitatem
811 567 1006 618 circaque
1048 567 1319 607 clementiam
1361 568 1503 619 posita

107 639 222 683 sunt,
254 648 364 686 quae
394 635 532 674 vitare
561 634 788 683 debemus;
834 647 905 684 per
935 634 1109 684 speciem
1140 635 1249 673 enim
1279 635 1503 674 severitatis

106 701 154 740 in
200 701 476 740 crudelitatem
519 700 763 749 incidimus,
812 714 886 751 per
932 701 1115 751 speciem
1164 700 1414 741 clementiae
1461 701 1503 740 in

107 767 455 807 misericordiam.
517 767 568 805 In
599 766 677 806 hoc
709 767 864 806 leviore
895 766 1081 817 periculo
1112 771 1292 815 erratur,
1323 767 1395 807 sed
1427 780 1505 818 par

106 847 221 873 error
247 838 312 873 est
345 847 369 872 a
402 847 501 873 vero
538 833 842 873 recedentium.

161 900 210 939 V.
253 900 365 950 Ergo
399 900 766 950 quemadmodum
801 899 945 950 religio
974 900 1077 940 deos
1109 900 1223 948 colit,
1255 901 1503 951 superstitio

107 963 256 1012 violat,
297 964 358 1003 ita
400 963 670 1003 clementiam
710 964 1174 1014 mansuetudinemque
1214 977 1361 1004 omnes
1402 964 1503 1003 boni

107 1030 186 1069 viri
208 1030 507 1080 praestabunt,
526 1030 860 1069 misericordiam
882 1034 1029 1069 autem
1047 1030 1252 1070 vitabunt
1264 1043 1274 1079 ,·
1303 1035 1367 1070 est
1388 1031 1502 1070 enim

108 1096 262 1136 vitium
287 1096 428 1147 pusilli
450 1096 581 1135 animi
603 1096 657 1136 ad
684 1097 867 1147 speciem
889 1096 1125 1135 alienorum
1146 1097 1350 1136 malorum
1371 1098 1503 1136 succi-

106 1162 262 1202 dentis.
323 1163 479 1213 Itaque
518 1163 702 1213 pessimo
735 1163 888 1213 cuique
917 1162 1250 1202 familiarissima
1278 1168 1363 1211 est;
1395 1176 1503 1203 anus

105 1233 149 1269 et
166 1229 438 1269 mulierculae
453 1233 567 1277 sunt,
584 1242 694 1280 quae
712 1229 896 1268 lacrimis
910 1229 1312 1269 nocentissimorum
1326 1243 1501 1270 moven-

106 1300 190 1344 tur,
221 1308 345 1346 quae‚
376 1295 410 1334 si
439 1295 596 1343 liceret,
628 1308 837 1335 carcerem
865 1295 1152 1345 effringerent.
1214 1296 1502 1336 Misericordia

106 1375 191 1401 non
218 1375 405 1409 causam,
428 1361 500 1401 sed
529 1362 749 1401 fortunam
777 1366 966 1412 spectat;
997 1362 1223 1401 clementia
1251 1363 1407 1402 rationi
1435 1376 1503 1402 ac-

107 1428 232 1468 cedit.
280 1428 374 1467 Scio
397 1428 506 1467 male
528 1428 675 1468 audire
696 1428 811 1478 apud
833 1428 1055 1479 imperitos
1075 1432 1237 1468 sectam
1259 1429 1502 1469 Stoicorum

106 1499 331 1545 tamquam
352 1495 505 1534 duram
527 1491 652 1533 nimis
679 1499 722 1534 et
750 1494 926 1535 minime
954 1495 1219 1546 principibus
1247 1495 1503 1547 regibusque

106 1560 268 1600 bonum
296 1561 499 1600 daturam
530 1561 773 1610 consilium;
806 1561 992 1601 obicitur
1018 1562 1090 1610 illi,
1113 1562 1228 1612 quod
1262 1562 1502 1612 sapientem

106 1631 234 1677 negat
256 1627 457 1675 misereri,
476 1632 603 1677 negat
625 1628 853 1677 ignoscere.
904 1628 1036 1676 Haec,
1054 1628 1087 1667 si
1110 1641 1184 1678 per
1204 1641 1247 1668 se
1269 1633 1501 1679 ponantur,

105 1693 244 1732 invisa
290 1697 411 1741 sunt;
467 1693 670 1733 videntur
717 1694 831 1733 enim
882 1694 1043 1733 nullam
1095 1694 1330 1745 relinquere
1383 1708 1502 1745 spem

106 1759 306 1799 humanis
328 1759 554 1808 erroribus,
572 1760 644 1800 sed
667 1761 811 1799 omnia
827 1760 984 1800 delicta
1001 1761 1055 1801 ad
1078 1774 1261 1812 poenam
1278 1762 1501 1802 deducere.

106 1826 230 1874 Quod
253 1826 286 1865 si
308 1830 372 1866 est
395 1827 602 1877 quidnam
624 1826 728 1866 haec
748 1827 940 1875 scientia,
959 1840 1070 1878 quae
1086 1828 1301 1868 dediscere
1322 1827 1502 1867 human—

106 1892 259 1932 itatem
290 1892 409 1932 iubet
440 1897 702 1944 portumque
732 1894 938 1933 adversus
968 1894 1188 1933 fortunam
1219 1895 1503 1934 certissimum

106 1963 259 1998 mutuo
276 1958 436 1998 auxilio
454 1959 618 1999 cludit?
668 1959 749 1999 Sed
773 1959 889 1999 n‘ulla
906 1964 1022 1999 secta
1044 1959 1266 2010 benignior
1286 1960 1503 2012 leniorque

106 2029 185 2073 est,
208 2024 324 2064 nulla
346 2026 562 2065 amantior
582 2025 805 2065 hominum
827 2030 870 2066 et
893 2027 1131 2066 communis
1153 2026 1253 2066 boni
1279 2027 1501 2075 attentior,

107 2095 154 2130 ut
177 2092 447 2142 propositum
468 2092 524 2132 sit
546 2093 640 2132 usui
661 2106 751 2132 esse
771 2097 814 2132 et
836 2093 996 2132 auxilio
1018 2106 1094 2133 nec
1116 2093 1195 2133 sibi
1218 2097 1406 2141 tantum,
1429 2094 1502 2133 sed

107 2157 316 2198 universis
350 2158 611 2210 singulisque
651 2159 881 2200 consulere.
942 2160 1230 2200 Misericordia
1267 2164 1333 2200 est
1371 2161 1503 2211 aegri-

108 2224 214 2264 tudo
245 2224 376 2263 animi
408 2224 463 2264 ob
494 2225 729 2265 alienarum
752 2226 1019 2266 miseriarum
1050 2226 1233 2277 speciem
1265 2231 1341 2266 aut
1373 2227 1504 2266 tristi-

109 2290 169 2330 tia
189 2303 243 2330 ex
263 2290 411 2330 alienis
431 2291 554 2330 malis
577 2296 812 2340 contracta,
836 2305 945 2343 quae
967 2293 1156 2333 accidere
1179 2292 1504 2333 immerentibus

1529 1435 1548 1463 KQ
