1667 2524
366 129 434 162 AD
468 128 733 162 POLYBIUM
768 128 834 161 DE
868 127 1254 162 CONSOLATIONE
1464 125 1515 166 15

111 248 248 289 dolori
273 248 496 288 obstarent
522 252 612 295 tuo,
639 247 910 297 congesserit.
972 246 1084 295 Quid
1109 248 1267 298 porro?
1327 247 1386 287 Ut
1411 247 1514 287 nihil

112 315 265 355 horum
296 315 458 363 fecerit,
480 327 620 354 nonne
641 314 838 364 protinus
858 314 947 364 ipse
969 318 1223 364 conspectus
1254 327 1329 364 per
1348 327 1390 354 se
1420 319 1515 353 tan-

112 382 338 422 tummodo
372 381 672 431 cogitatusque
705 380 860 420 Caesar
892 380 1083 419 maximo
1116 380 1274 419 solacio
1307 380 1386 419 tibi
1419 382 1514 420 est?

113 448 181 487 Dii
210 448 329 487 illum
356 448 547 498 deaeque
576 447 699 487 terris
726 447 801 487 diu
831 446 1130 486 commodent!
1191 446 1301 486 Acta
1330 446 1396 486 hic
1424 447 1511 487 divi
1547 460 1561 475 r

111 515 295 566 Augusti
320 519 490 565 aequet,
517 527 652 553 annos
678 514 849 553 vincat!
910 513 1050 562 Quam
1075 513 1149 553 diu
1174 514 1287 553 inter
1311 513 1515 553 mortales

110 582 204 630 erit,
234 581 338 620 nihil
367 594 421 621 ex
447 581 576 621 domo
606 593 682 620 sua
710 579 892 619 mortale
921 593 1010 619 esse
1039 580 1223 619 sentiat!
1284 580 1514 620 Rectorem
1571 578 1575 581 ’

110 648 309 688 Romano
334 648 513 698 imperio
538 647 673 686 filium
700 647 826 697 longa
852 646 934 686 fide
960 646 1173 697 adprobet
1198 651 1241 686 et
1267 651 1369 686 ante
1395 646 1514 686 illum

112 720 352 754 consortem
391 714 527 765 patris
567 727 698 764 quam
738 726 1025 753 successorem
1065 713 1271 764 aspiciat!
1332 713 1433 753 Sera
1471 718 1514 753 et

110 781 341 832 nepotibus
361 781 535 821 demum
557 780 715 820 nostris
735 780 825 820 dies
846 784 951 819 nota
972 780 1042 828 sit,
1066 793 1152 831 qua
1173 779 1293 819 illum
1315 793 1417 831 gens
1438 793 1515 819 sua

111 848 226 888 caelo
253 848 448 888 adserat!

164 915 293 954 XIII.
340 914 440 964 [32]
481 914 661 954 Abstine
710 913 764 953 ab
813 913 892 954 hoc
941 926 1095 953 manus
1142 917 1255 962 tuas,
1305 914 1512 962 Fortuna,

108 995 184 1022 nec
218 981 263 1020 in
296 981 380 1021 isto
415 981 657 1032 potentiam
692 985 815 1020 tuam
851 980 931 1020 nisi
965 994 1016 1020 ea
1050 986 1188 1031 parte,
1225 993 1311 1031 qua
1346 980 1513 1031 prodes,

109 1048 370 1088 ostenderis!
430 1048 582 1087 Patere
614 1047 734 1086 illum
766 1047 909 1097 generi
941 1046 1132 1086 humano
1163 1047 1250 1086 iam
1282 1047 1356 1087 diu
1389 1060 1515 1097 aegro

109 1119 152 1155 et
183 1114 355 1155 adfecto
377 1114 549 1163 mederi,
571 1119 719 1165 patere
749 1114 954 1165 quicquid
984 1114 1136 1164 prioris
1165 1113 1368 1164 principis
1397 1114 1515 1152 furor

110 1181 323 1222 concussit
355 1181 400 1220 in
431 1193 557 1220 suum
590 1181 730 1221 locum
764 1180 988 1220 restituere
1021 1194 1068 1220 ac
1102 1182 1329 1230 reponere!
1389 1180 1514 1220 Sidus

108 1247 202 1296 hoc,
229 1248 344 1299 quod
371 1247 656 1298 praecipitato
681 1247 724 1286 in
750 1247 1015 1297 profundum
1040 1251 1082 1287 et
1108 1247 1303 1287 demerso
1328 1246 1371 1285 in
1397 1251 1514 1286 tene-

108 1314 207 1354 bras
264 1314 356 1353 orbi
412 1313 591 1362 refulsit,
649 1327 817 1364 semper
872 1313 1037 1353 luceat!
1099 1313 1179 1353 Hic
1237 1313 1512 1353 Germaniam

109 1385 250 1432 pacet,
275 1380 546 1420 Britanniam
569 1380 749 1430 aperiat,
777 1384 819 1419 et
849 1379 1012 1430 patrios
1039 1379 1284 1429 triumphos
1311 1380 1442 1419 ducat
1470 1384 1512 1419 et

109 1460 266 1487 novos:
315 1460 498 1498 quorum
532 1460 598 1486 me
631 1459 803 1497 quoque
835 1451 1125 1497 spectatorem
1158 1446 1370 1494 futurum,
1404 1459 1514 1497 quae

108 1527 162 1555 ex
210 1513 446 1553 virtutibus
495 1513 584 1553 eius
634 1513 820 1564 primum
871 1513 1038 1563 optinet
1089 1513 1245 1561 locum,
1296 1512 1512 1563 promittit

110 1580 349 1621 clementia.
412 1580 498 1620 Nec
534 1579 648 1619 enim
684 1579 741 1619 sic
780 1593 846 1619 me
881 1579 1050 1627 deiecit,
1087 1583 1136 1619 ut
1173 1579 1305 1619 nollet
1341 1579 1513 1629 erigere,

108 1646 241 1686 immo
282 1660 333 1686 ne
374 1646 526 1686 deiecit
569 1646 758 1697 quidem,
800 1646 873 1686 sed
914 1646 1148 1696 impulsum
1191 1659 1215 1685 a
1256 1645 1431 1686 fortuna
1470 1649 1513 1685 et

109 1713 336 1754 cadentem
363 1712 567 1752 sustinuit
594 1717 636 1752 et
663 1713 707 1752 in
734 1726 936 1763 praeceps
962 1717 1138 1752 euntem
1165 1712 1318 1752 leniter
1342 1712 1514 1752 divinae

110 1793 263 1819 manus
298 1792 400 1819 usus
438 1779 732 1819 moderatione
768 1779 990 1829 deposuit:
1043 1779 1299 1829 deprecatus
1336 1783 1399 1819 est
1438 1792 1514 1829 pro

110 1859 176 1886 me
206 1851 405 1886 senatum
434 1850 476 1886 et
507 1846 644 1886 vitam
676 1845 779 1885 mihi
808 1859 895 1885 non
924 1850 1099 1886 tantum
1129 1845 1248 1885 dedit
1279 1846 1351 1885 sed
1381 1845 1514 1885 etiam

110 1913 233 1963 petit.
294 1912 481 1953 Viderit:
543 1913 713 1964 qualem
760 1913 875 1952 volet
922 1926 1026 1961 esse,
1072 1912 1291 1952 existimet
1339 1925 1513 1952 causam

111 1992 272 2028 meam;
319 1979 386 2019 vel
416 1979 584 2019 iustitia
614 1979 703 2019 eius
734 1979 893 2019 bonam
926 1979 1155 2029 perspiciat
1188 1979 1255 2018 vel
1287 1978 1515 2018 clementia

111 2046 242 2086 faciat
272 2046 454 2086 bonam:
500 2050 733 2097 utrumque
763 2046 807 2084 in
838 2059 975 2096 aequo
1007 2044 1111 2084 mihi
1140 2045 1230 2084 eius
1259 2044 1514 2084 beneficium

111 2112 205 2161 erit,
237 2112 326 2152 sive
356 2112 630 2153 innocentem
662 2126 728 2152 me
759 2112 899 2152 scierit
930 2125 1034 2160 esse,
1066 2111 1155 2151 sive
1186 2111 1383 2151 voluerit.
1445 2111 1516 2150 In-

111 2178 237 2218 terim
271 2192 475 2229 magnum
509 2178 774 2219 miseriarum
809 2191 1001 2218 mearum
1034 2177 1240 2218 solacium
1273 2182 1337 2218 est
1370 2177 1515 2217 videre

114 2245 448 2285 misericordiam
493 2245 583 2285 eius
628 2250 772 2285 totum
819 2245 965 2284 orbem
1012 2249 1343 2295 pervagantem:
1406 2257 1515 2294 quae

113 2323 210 2351 cum
239 2324 292 2351 ex
320 2311 413 2362 ipso
444 2311 613 2362 angulo,
643 2311 687 2350 in
717 2311 803 2362 quo
831 2324 909 2362 ego
938 2311 1105 2352 defixus
1134 2323 1244 2359 sum,
1276 2310 1516 2361 complures
