1667 2524
320 153 387 186 AD
421 151 673 186 NERONEM
706 152 773 185 DE
807 151 1099 186 CLEMENTIA
1134 152 1228 185 LIB.
1266 152 1282 185 I
1447 147 1499 189 47

97 273 249 314 datum
290 275 354 312 est
395 284 526 322 quam
568 270 646 311 tibi
689 275 835 310 tutum
848 284 857 319 ,·
899 270 1071 321 fastigio
1113 275 1190 310 tuo
1232 271 1400 311 adfixus
1440 285 1495 311 es.

98 340 276 379 Nostros
297 342 440 378 motus
461 337 586 388 pauci
607 337 814 384 sentiunt,
836 337 1004 387 prodire
1026 337 1148 377 nobis
1170 351 1217 377 ac
1240 338 1433 377 recedere
1454 341 1499 377 et

97 410 264 445 mutare
291 404 490 444 habitum
517 404 606 444 sine
632 417 758 443 sensu
785 403 956 454 publico
983 403 1102 452 licet,·
1144 403 1223 443 tibi
1251 417 1336 443 non
1365 404 1498 454 magis

97 485 227 523 quam
258 471 334 511 soli
365 471 496 510 latere
528 470 752 520 contingit.
814 470 951 510 Multa
982 469 1092 510 circa
1122 474 1164 510 te
1196 470 1269 509 lux
1299 475 1378 519 est,
1410 484 1498 510 om-

97 538 215 577 nium
253 537 296 576 in
333 537 462 577 istam
501 536 693 577 conversi
731 536 840 577 oculi
877 541 977 576 sunt
990 550 999 585 ;
1053 537 1221 587 prodire
1258 541 1301 577 te
1339 538 1499 587 putas?

97 604 240 644 Oriris.
304 603 440 654 Loqui
459 616 544 642 non
563 608 700 654 potes,
720 603 799 642 nisi
818 607 865 643 ut
885 616 1034 643 vocem
1053 607 1190 651 tuam,
1211 617 1320 654 quae
1339 603 1498 654 ubique

95 675 199 710 sunt.
232 675 393 721 gentes,
428 669 667 720 excipiant;
706 669 828 710 irasci
866 683 951 709 non
988 674 1124 720 potes,
1158 670 1237 710 nisi
1271 675 1319 710 ut
1356 670 1499 709 omnia

95 741 300 785 tremant,
354 737 455 788 quia
507 736 721 777 neminem
774 736 986 786 adfligere,
1039 736 1118 776 nisi
1170 741 1233 785 ut,
1287 736 1497 788 quidquid

96 803 206 843 circa
242 803 385 851 fuerit,
424 803 660 854 quatiatur.
722 803 781 842 Ut
819 802 1001 842 fulmina
1038 816 1274 853 paucorum
1312 803 1499 853 periculo

96 870 272 917 cadunt,
311 869 503 909 omnium
542 874 675 917 metu,
714 869 771 909 sic
811 869 1204 909 animadversiones
1244 883 1498 920 magnarum

96 940 365 987 potestatum
395 940 556 976 terrent
588 935 717 975 latius
748 949 879 987 quam
911 941 1080 984 nocent,
1113 949 1199 975 non
1229 936 1317 976 sine
1350 949 1498 985 causa;

96 1015 182 1041 non
218 1001 346 1050 enim,
385 1006 600 1052 quantum
637 1002 798 1050 fecerit,
836 1002 909 1042 sed
947 1007 1161 1053 quantum
1199 1002 1392 1042 facturus
1429 1003 1498 1051 sit,

96 1068 312 1118 cogitatur
347 1068 391 1107 in
428 1082 491 1117 eo,
531 1068 604 1119 qui
643 1068 787 1108 omnia
825 1073 982 1119 potest.
1044 1069 1177 1108 Adice
1214 1082 1342 1117 nunc,
1384 1070 1498 1121 quod

96 1134 289 1185 privatos
325 1134 518 1175 homines
554 1135 607 1174 ad
648 1130 917 1185 accipiendas
958 1135 1134 1175 iniurias
1171 1136 1499 1186 opportuniores

97 1206 373 1251 acceptarum
408 1201 619 1252 patientia
653 1201 771 1250 facit,
808 1202 975 1251 regibus
1010 1202 1165 1242 certior
1195 1206 1259 1242 est
1293 1216 1346 1242 ex
1381 1215 1500 1241 man-

96 1267 324 1307 suetudine
369 1268 588 1316 securitas,
635 1268 736 1318 quia
780 1268 980 1318 frequens
1025 1268 1218 1308 vindicta
1262 1282 1498 1319 paucorum

97 1334 245 1374 odium
301 1334 520 1385 opprimit,
578 1334 770 1373 omnium
826 1334 990 1374 inritat.
1052 1335 1264 1374 Voluntas
1328 1340 1498 1385 oportet

97 1404 198 1440 ante
239 1400 457 1440 saeviendi
498 1413 629 1451 quam
671 1414 799 1440 causa
839 1401 1010 1441 deficiat
1023 1414 1032 1449 ,·
1089 1401 1262 1453 alioqui,
1295 1402 1500 1452 quemad-

98 1467 275 1506 modum
326 1466 540 1517 praecisae
592 1467 765 1507 arbores
816 1467 1009 1517 plurimis
1060 1467 1188 1507 ramis
1240 1468 1499 1518 repullulant

95 1536 138 1573 et
163 1532 300 1572 multa
322 1537 516 1572 satorum
538 1546 706 1583 genera,
729 1538 777 1573 ut
800 1533 999 1573 densiora
1021 1538 1213 1584 surgant,
1237 1534 1498 1583 reciduntur,

96 1598 159 1638 ita
185 1598 299 1649 regia
326 1599 555 1639 crudelitas
583 1604 709 1650 auget
737 1599 1006 1640 inimicorum
1034 1613 1261 1640 numerum
1288 1601 1499 1649 tollendo;

1530 1346 1547 1376 7

97 1669 297 1716 parentes
336 1665 449 1705 enim
490 1665 694 1716 liberique
733 1679 894 1714 eorum,
935 1666 1008 1717 qui
1047 1666 1262 1707 interfecti
1301 1671 1416 1715 sunt,
1456 1671 1499 1707 et
1537 1682 1540 1684 ’

97 1731 328 1783 propinqui
355 1736 397 1772 et
428 1731 552 1772 amici
580 1732 623 1771 in
652 1732 792 1772 locum
820 1731 1084 1783 singulorum
1113 1734 1361 1773 succedunt.

153 1798 233 1837 IX.
276 1798 369 1838 Hoc
403 1811 534 1849 quam
567 1812 721 1838 verum
754 1799 822 1847 sit,
857 1800 1086 1839 admonere
1119 1804 1162 1839 te
1195 1800 1393 1850 exemplo
1425 1801 1500 1840 do-

98 1864 275 1905 mestico
318 1864 429 1904 volo.
492 1865 628 1904 Divus
671 1866 890 1915 Augustus
935 1866 1017 1905 fuit
1063 1866 1178 1906 mitis
1222 1866 1431 1917 princeps,
1465 1866 1499 1906 si

98 1931 192 1982 quis
222 1930 342 1970 illum
374 1944 398 1970 a
428 1931 672 1982 principatu
703 1945 780 1971 suo
811 1932 1036 1972 aestimare
1067 1932 1266 1983 incipiat;
1312 1933 1355 1972 in
1386 1946 1500 1973 com-

98 1996 217 2036 muni
262 1997 436 2048 quidem
481 1997 538 2037 rei
582 1998 778 2048 publicae
822 1998 1011 2048 gladium
1056 1999 1207 2039 movit.
1268 1999 1375 2039 Cum
1419 1999 1498 2040 hoc

98 2062 254 2102 aetatis
275 2067 401 2112 esset,
425 2064 541 2114 quod
564 2068 613 2103 tu
637 2077 749 2104 nunc
771 2077 829 2112 es,
852 2064 1282 2105 duodevicensimum
1309 2078 1499 2115 egressus

98 2142 275 2177 annum,
310 2128 396 2168 iam
432 2129 637 2180 pugiones
672 2130 715 2169 in
751 2130 892 2170 sinum
928 2131 1163 2171 amicorum
1200 2132 1497 2180 absconderat,

97 2194 183 2234 iam
207 2195 372 2235 insidiis
396 2196 451 2235 M.
478 2196 654 2236 Antonii
679 2197 863 2237 consulis
887 2197 1000 2237 latus
1024 2197 1222 2248 petierat,
1248 2198 1333 2237 iam
1358 2198 1497 2238 fuerat

99 2261 258 2312 collega
284 2262 618 2313 proscriptionis.
681 2263 761 2304 Sed
784 2277 882 2304 cum
904 2277 1066 2303 annum
1090 2265 1498 2315 quadragensimum

98 2328 320 2368 transisset
357 2333 398 2369 ct
436 2329 478 2368 in
515 2329 652 2370 Gallia
689 2334 941 2379 moraretur,
978 2330 1172 2370 delatum
1208 2336 1271 2371 est
1309 2332 1363 2371 ad
1399 2345 1496 2372 eum

1530 1809 1546 1838 1
