1667 2524
166 130 216 170 14
594 128 633 162 L.
669 129 862 163 ANNAEI
896 130 1124 164 SENECAE

163 253 241 293 tibi
265 258 478 304 suggerat.
540 254 663 303 Lege,
688 258 853 304 quanto
877 254 1029 304 spiritu
1054 247 1299 305 ingentibus
1322 255 1559 295 intonueris

162 320 324 360 verbis:
371 319 551 370 pudebit
583 325 624 359 te
656 320 799 359 subito
830 320 1008 360 deficere
1038 325 1081 360 et
1112 334 1165 360 ex
1196 326 1321 361 tanta
1352 322 1558 361 orationis

161 387 458 437 magnitudine
512 386 754 425 desciscere.
817 386 886 425 Ne
935 387 1207 435 commiseris,
1262 392 1311 427 ut
1366 388 1559 438 quisquis

161 453 416 503 exemplaris
440 452 567 492 modo
591 453 751 502 scripta
775 457 850 491 tua
874 453 1114 492 mirabatur
1136 458 1316 504 quaerat
1340 454 1558 505 quomodo

162 524 253 559 tam
272 519 450 569 grandia
470 524 647 569 tamque
666 518 801 558 solida
821 523 912 558 tam
932 519 1092 569 fragilis
1112 520 1280 559 animus
1301 520 1555 570 conceperit.

217 585 321 624 XII.
366 585 515 624 Potius
541 585 596 624 ab
623 585 714 624 istis
741 589 797 632 te,
825 598 935 636 quae
962 590 1180 636 torquent,
1208 587 1262 626 ad
1290 586 1392 626 haec
1420 591 1487 626 tot
1513 591 1556 626 et

161 656 300 700 tanta,
345 665 454 702 quae
499 651 787 699 consolantur,
833 657 1033 692 converte
1077 665 1125 691 ac
1169 654 1327 703 respice
1371 653 1558 703 optimos

160 719 327 766 fratres,
347 718 505 768 respice
522 731 714 766 uxorem,
733 717 867 757 filium
886 719 1065 769 respice:
1098 732 1174 769 pro
1192 720 1385 758 omnium
1403 719 1557 758 horum

160 785 298 825 salute
319 785 397 824 hac
416 789 558 824 tecum
576 785 772 835 portione
790 785 982 824 Fortuna
999 785 1172 825 decidit.
1234 785 1393 825 Multos
1410 785 1556 833 habes,

160 852 204 891 in
232 851 388 903 quibus
416 852 680 902 adquiescas.
745 852 845 902 [31.]
889 851 956 891 Ab
985 851 1064 891 hac
1093 856 1135 892 te
1164 852 1341 892 infamia
1370 853 1556 900 vindica,

161 932 212 959 ne
233 919 434 958 videatur
453 918 653 957 omnibus
674 918 769 968 plus
790 919 904 969 apud
928 923 969 958 te
991 919 1131 959 valere
1152 932 1262 958 unus
1283 919 1404 959 dolor
1425 932 1556 970 quam

160 985 264 1025 haec
283 990 374 1025 tam
394 984 531 1024 multa
551 985 720 1024 solacia.
783 984 932 1024 Omnis
950 985 1055 1024 istos
1074 998 1159 1024 una
1179 990 1322 1025 tecum
1342 985 1557 1036 perculsos

161 1052 280 1091 vides
297 1065 372 1091 nec
390 1064 512 1102 posse
530 1051 608 1090 tibi
626 1051 867 1100 subvenire,
886 1052 1017 1091 immo
1034 1052 1165 1091 etiam
1183 1051 1296 1091 ultro
1313 1056 1555 1102 expectare,

159 1123 209 1158 ut
237 1131 262 1157 a
290 1123 332 1158 te
360 1117 653 1166 subleventur,
682 1117 912 1168 intellegis;
956 1123 999 1158 et
1028 1118 1122 1158 ideo
1152 1123 1316 1169 quanto
1344 1119 1486 1158 minus
1514 1118 1554 1157 in

160 1184 240 1224 illis
262 1185 484 1224 doctrinae
508 1185 735 1235 minusque
758 1185 915 1234 ingenii
939 1189 1018 1233 est,
1043 1189 1168 1224 tanto
1193 1185 1328 1235 magis
1352 1184 1557 1225 obsistere

160 1255 202 1291 te
237 1264 405 1291 necesse
439 1255 503 1290 est
540 1251 755 1291 communi
801 1251 928 1290 malo.
1008 1251 1086 1291 Est
1121 1256 1268 1291 autem
1302 1251 1381 1290 hoc
1416 1252 1557 1302 ipsum

159 1317 304 1357 solacii
325 1317 430 1365 loco,
451 1318 562 1357 inter
581 1317 740 1357 multos
760 1317 950 1357 dolorem
970 1331 1095 1357 suum
1115 1318 1327 1366 dividere;
1363 1318 1435 1368 qui
1456 1318 1557 1368 quia

159 1385 434 1435 dispensatur
457 1384 568 1424 inter
591 1384 746 1434 plures,
771 1385 926 1434 exigua
950 1384 1079 1424 debet
1104 1385 1219 1435 apud
1245 1389 1287 1424 te
1312 1389 1434 1434 parte
1458 1383 1556 1423 sub-

160 1451 307 1490 sidere.
397 1450 494 1489 Non
542 1451 736 1490 desinam
783 1451 942 1490 totiens
989 1451 1067 1490 tibi
1115 1451 1264 1490 offerre
1311 1451 1556 1490 Caesarem:

159 1517 229 1556 illo
258 1517 509 1557 moderante
538 1521 672 1557 terras
701 1522 743 1557 et
773 1518 1027 1557 ostendente
1057 1522 1222 1568 quanto
1251 1517 1401 1556 melius
1430 1517 1556 1557 bene-

160 1583 264 1623 ficiis
285 1584 512 1634 imperium
535 1584 805 1623 custodiatur
822 1597 953 1634 quam
972 1584 1196 1632 armis‚illo
1215 1583 1340 1623 rebus
1357 1583 1557 1623 humanis

159 1651 421 1701 praesidente
446 1664 532 1689 non
558 1654 621 1690 est
648 1650 898 1700 periculum,
927 1664 978 1690 ne
1005 1651 1107 1701 quid
1136 1650 1369 1700 perdidisse
1396 1655 1438 1690 te
1465 1663 1556 1690 sen-

160 1718 262 1765 tias;
301 1717 344 1756 in
368 1716 447 1756 hoc
470 1730 556 1756 uno
581 1716 659 1756 tibi
683 1718 787 1757 satis
811 1718 1009 1768 praesidi,
1035 1717 1163 1757 solaci
1188 1722 1265 1757 est.
1327 1716 1489 1756 Attolle
1513 1721 1556 1756 te

159 1790 216 1832 et,
243 1784 441 1834 quotiens
467 1783 666 1823 lacrimae
691 1784 972 1824 suboriuntur
996 1784 1128 1823 oculis
1154 1784 1253 1832 tuis,
1280 1783 1440 1823 totiens
1465 1783 1557 1822 illos

160 1851 201 1889 in
221 1850 444 1890 Caesarem
463 1850 626 1900 derige:
661 1851 939 1890 siccabuntur
958 1851 1135 1890 maximi
1155 1855 1198 1890 et
1220 1850 1439 1889 clarissimi
1461 1862 1557 1889 con-

160 1922 309 1967 spectu
341 1917 548 1965 numinis;
596 1917 735 1967 fulgor
765 1918 855 1957 eius
886 1917 992 1965 illos,
1024 1922 1073 1957 ut
1106 1917 1209 1956 nihil
1242 1916 1357 1956 aliud
1390 1916 1555 1966 possint

160 1984 360 2034 aspicere,
393 1984 677 2034 praestringet
709 1989 751 2024 et
784 1984 826 2023 in
858 1998 900 2024 se
932 1984 1156 2023 haerentes
1187 1983 1413 2023 detinebit.
1476 1982 1557 2021 Hic

160 2050 252 2097 tibi,
275 2063 402 2100 quem
424 2055 471 2090 tu
492 2050 642 2090 diebus
663 2051 841 2090 intueris
862 2064 909 2089 ac
931 2050 1143 2098 noctibus,
1166 2063 1190 2088 a
1211 2063 1296 2100 quo
1317 2061 1556 2100 numquam

159 2116 288 2156 deicis
319 2117 526 2165 animum,
559 2117 813 2167 cogitandus
843 2121 921 2165 est,
954 2116 1021 2155 hic
1054 2121 1202 2156 contra
1233 2116 1453 2155 fortunam
1485 2115 1558 2155 ad-

161 2184 393 2223 vocandus.
456 2184 543 2223 Nec
559 2183 726 2231 dubito,
745 2196 841 2222 cum
858 2188 983 2222 tanta
1000 2183 1057 2221 illi
1075 2183 1280 2223 adversus
1296 2194 1444 2221 omnes
1460 2194 1558 2221 suos

160 2251 215 2290 sit
252 2250 540 2290 mansuetudo
579 2254 789 2300 ‘tantaque
827 2249 1108 2299 indulgentia,
1147 2249 1251 2299 quin
1289 2249 1374 2287 iam
1412 2247 1559 2287 multis

161 2317 327 2357 solaciis
361 2321 485 2357 tuum
520 2316 635 2355 istud
672 2315 828 2355 vulnus
862 2315 1107 2364 obduxerit,
1142 2315 1228 2354 iam
1264 2314 1414 2362 multa,
1449 2326 1559 2365 quae
