<?xml version="1.0" encoding="UTF-8"?>
<!DOCTYPE html PUBLIC "-//W3C//DTD XHTML 1.0 Transitional//EN"
    "http://www.w3.org/TR/xhtml1/DTD/xhtml1-transitional.dtd">
<html xmlns="http://www.w3.org/1999/xhtml" xml:lang="en" lang="en">
 <head>
  <title>
</title>
<meta http-equiv="Content-Type" content="text/html;charset=utf-8" />
  <meta name='ocr-system' content='tesseract 3.04.00' />
  <meta name='ocr-capabilities' content='ocr_page ocr_carea ocr_par ocr_line ocrx_word'/>
</head>
<body>
  <div class='ocr_page' id='page_1' title='image "./selectedessayssa00seneuoft_0108.png"; bbox 0 0 1667 2524; ppageno 0'>
   <div class='ocr_carea' id='block_1_1' title="bbox 142 139 1110 181">
    <p class='ocr_par' dir='ltr' id='par_1_1' title="bbox 142 139 1110 181">
     <span class='ocr_line' id='line_1_1' title="bbox 142 139 1110 181; baseline -0.005 0"><span class='ocrx_word' id='word_1_1' title='bbox 142 139 197 181; x_wconf 83' lang='grc'>68</span> <span class='ocrx_word' id='word_1_2' title='bbox 580 146 618 178; x_wconf 89' lang='lat' dir='ltr'>L.</span> <span class='ocrx_word' id='word_1_3' title='bbox 654 143 849 178; x_wconf 81' lang='lat' dir='ltr'><strong>ANNAEI</strong></span> <span class='ocrx_word' id='word_1_4' title='bbox 883 144 1110 177; x_wconf 76' lang='lat' dir='ltr'><strong>SENECAE</strong></span> 
     </span>
    </p>
   </div>
   <div class='ocr_carea' id='block_1_2' title="bbox 96 262 1547 2372">
    <p class='ocr_par' dir='ltr' id='par_1_2' title="bbox 142 262 1542 912">
     <span class='ocr_line' id='line_1_2' title="bbox 143 262 1539 314; baseline -0.001 -13"><span class='ocrx_word' id='word_1_5' title='bbox 143 263 303 314; x_wconf 89' lang='lat' dir='ltr'>poenis.</span> <span class='ocrx_word' id='word_1_6' title='bbox 365 262 493 302; x_wconf 89' lang='lat' dir='ltr'>Plura</span> <span class='ocrx_word' id='word_1_7' title='bbox 517 276 753 313; x_wconf 81' lang='lat' dir='ltr'>proponere</span> <span class='ocrx_word' id='word_1_8' title='bbox 778 263 915 302; x_wconf 86' lang='lat' dir='ltr'>tutius</span> <span class='ocrx_word' id='word_1_9' title='bbox 937 268 1016 311; x_wconf 89' lang='lat' dir='ltr'>est,</span> <span class='ocrx_word' id='word_1_10' title='bbox 1041 276 1092 302; x_wconf 88' lang='lat' dir='ltr'>ne</span> <span class='ocrx_word' id='word_1_11' title='bbox 1116 275 1201 302; x_wconf 91' lang='lat' dir='ltr'>una</span> <span class='ocrx_word' id='word_1_12' title='bbox 1225 262 1362 301; x_wconf 85' lang='lat' dir='ltr'>finitio</span> <span class='ocrx_word' id='word_1_13' title='bbox 1386 274 1539 313; x_wconf 89' lang='lat' dir='ltr'>parurn</span> 
     </span>
     <span class='ocr_line' id='line_1_3' title="bbox 142 328 1539 379; baseline -0.001 -11"><span class='ocrx_word' id='word_1_14' title='bbox 142 343 230 368; x_wconf 94' lang='lat' dir='ltr'>rem</span> <span class='ocrx_word' id='word_1_15' title='bbox 273 329 609 379; x_wconf 86' lang='lat' dir='ltr'>comprehendat</span> <span class='ocrx_word' id='word_1_16' title='bbox 650 333 707 377; x_wconf 87' lang='lat' dir='ltr'>et,</span> <span class='ocrx_word' id='word_1_17' title='bbox 749 333 797 368; x_wconf 90' lang='lat' dir='ltr'>ut</span> <span class='ocrx_word' id='word_1_18' title='bbox 839 329 900 368; x_wconf 89' lang='lat' dir='ltr'>ita</span> <span class='ocrx_word' id='word_1_19' title='bbox 939 329 1095 377; x_wconf 85' lang='lat' dir='ltr'>dicam,</span> <span class='ocrx_word' id='word_1_20' title='bbox 1126 328 1311 368; x_wconf 85' lang='lat' dir='ltr'>formula</span> <span class='ocrx_word' id='word_1_21' title='bbox 1346 328 1539 376; x_wconf 85' lang='lat' dir='ltr'>excidat;</span> 
     </span>
     <span class='ocr_line' id='line_1_4' title="bbox 142 394 1539 446; baseline -0.001 -11"><span class='ocrx_word' id='word_1_22' title='bbox 142 397 288 446; x_wconf 90' lang='lat' dir='ltr'>itaque</span> <span class='ocrx_word' id='word_1_23' title='bbox 327 395 409 435; x_wconf 91' lang='lat' dir='ltr'>dici</span> <span class='ocrx_word' id='word_1_24' title='bbox 449 400 593 445; x_wconf 88' lang='lat' dir='ltr'>potest</span> <span class='ocrx_word' id='word_1_25' title='bbox 631 400 673 435; x_wconf 93' lang='lat' dir='ltr'>et</span> <span class='ocrx_word' id='word_1_26' title='bbox 713 395 933 435; x_wconf 75' lang='lat' dir='ltr'>inclinatio</span> <span class='ocrx_word' id='word_1_27' title='bbox 972 395 1103 434; x_wconf 90' lang='lat' dir='ltr'>animi</span> <span class='ocrx_word' id='word_1_28' title='bbox 1142 395 1196 435; x_wconf 89' lang='lat' dir='ltr'>ad</span> <span class='ocrx_word' id='word_1_29' title='bbox 1236 394 1459 434; x_wconf 74' lang='lat' dir='ltr'>lenitatem</span> <span class='ocrx_word' id='word_1_30' title='bbox 1497 395 1539 433; x_wconf 92' lang='lat' dir='ltr'>in</span> 
     </span>
     <span class='ocr_line' id='line_1_5' title="bbox 142 461 1539 513; baseline -0.001 -12"><span class='ocrx_word' id='word_1_31' title='bbox 142 475 279 513; x_wconf 91' lang='lat' dir='ltr'>poena</span> <span class='ocrx_word' id='word_1_32' title='bbox 327 461 550 511; x_wconf 89' lang='lat' dir='ltr'>exigenda.</span> <span class='ocrx_word' id='word_1_33' title='bbox 612 461 691 500; x_wconf 89' lang='lat' dir='ltr'>Illa</span> <span class='ocrx_word' id='word_1_34' title='bbox 740 461 876 501; x_wconf 86' lang='lat' dir='ltr'>finitio</span> <span class='ocrx_word' id='word_1_35' title='bbox 927 462 1287 501; x_wconf 74' lang='lat' dir='ltr'>contradictiones</span> <span class='ocrx_word' id='word_1_36' title='bbox 1335 461 1539 508; x_wconf 87' lang='lat' dir='ltr'>inveniet,</span> 
     </span>
     <span class='ocr_line' id='line_1_6' title="bbox 142 527 1541 580; baseline -0.001 -12"><span class='ocrx_word' id='word_1_37' title='bbox 142 528 341 580; x_wconf 88' lang='lat' dir='ltr'>quamvis</span> <span class='ocrx_word' id='word_1_38' title='bbox 365 528 553 567; x_wconf 91' lang='lat' dir='ltr'>maxime</span> <span class='ocrx_word' id='word_1_39' title='bbox 577 528 630 567; x_wconf 92' lang='lat' dir='ltr'>ad</span> <span class='ocrx_word' id='word_1_40' title='bbox 655 540 804 567; x_wconf 88' lang='lat' dir='ltr'>verum</span> <span class='ocrx_word' id='word_1_41' title='bbox 829 528 1020 576; x_wconf 86' lang='lat' dir='ltr'>accedat,</span> <span class='ocrx_word' id='word_1_42' title='bbox 1045 528 1079 567; x_wconf 89' lang='lat' dir='ltr'>si</span> <span class='ocrx_word' id='word_1_43' title='bbox 1103 528 1337 567; x_wconf 80' lang='lat' dir='ltr'>dixerimus</span> <span class='ocrx_word' id='word_1_44' title='bbox 1361 527 1541 566; x_wconf 89' lang='lat' dir='ltr'>clemen-</span> 
     </span>
     <span class='ocr_line' id='line_1_7' title="bbox 142 594 1541 645; baseline -0.002 -10"><span class='ocrx_word' id='word_1_45' title='bbox 142 596 248 635; x_wconf 86' lang='lat' dir='ltr'>tiam</span> <span class='ocrx_word' id='word_1_46' title='bbox 268 608 357 635; x_wconf 87' lang='lat' dir='ltr'>esse</span> <span class='ocrx_word' id='word_1_47' title='bbox 377 595 718 635; x_wconf 88' lang='lat' dir='ltr'>moderationem</span> <span class='ocrx_word' id='word_1_48' title='bbox 739 594 900 645; x_wconf 88' lang='lat' dir='ltr'>aliquid</span> <span class='ocrx_word' id='word_1_49' title='bbox 921 608 975 634; x_wconf 84' lang='lat' dir='ltr'>ex</span> <span class='ocrx_word' id='word_1_50' title='bbox 994 594 1148 634; x_wconf 89' lang='lat' dir='ltr'>merita</span> <span class='ocrx_word' id='word_1_51' title='bbox 1168 607 1216 633; x_wconf 89' lang='lat' dir='ltr'>ac</span> <span class='ocrx_word' id='word_1_52' title='bbox 1236 594 1383 634; x_wconf 91' lang='lat' dir='ltr'>debita</span> <span class='ocrx_word' id='word_1_53' title='bbox 1403 606 1541 644; x_wconf 92' lang='lat' dir='ltr'>poena</span> 
     </span>
     <span class='ocr_line' id='line_1_8' title="bbox 142 660 1541 711; baseline -0.002 -10"><span class='ocrx_word' id='word_1_54' title='bbox 142 662 458 702; x_wconf 90' lang='lat' dir='ltr'>remittentem:</span> <span class='ocrx_word' id='word_1_55' title='bbox 522 661 826 701; x_wconf 84' lang='lat' dir='ltr'>reclamabitur</span> <span class='ocrx_word' id='word_1_56' title='bbox 874 661 1035 700; x_wconf 92' lang='lat' dir='ltr'>nullam</span> <span class='ocrx_word' id='word_1_57' title='bbox 1084 661 1291 700; x_wconf 84' lang='lat' dir='ltr'>virtutem</span> <span class='ocrx_word' id='word_1_58' title='bbox 1340 660 1541 711; x_wconf 87' lang='lat' dir='ltr'>cuiquam</span> 
     </span>
     <span class='ocr_line' id='line_1_9' title="bbox 142 726 1542 781; baseline -0.002 -14"><span class='ocrx_word' id='word_1_59' title='bbox 142 728 283 768; x_wconf 88' lang='lat' dir='ltr'>minus</span> <span class='ocrx_word' id='word_1_60' title='bbox 299 728 446 781; x_wconf 85' lang='lat' dir='ltr'>debito</span> <span class='ocrx_word' id='word_1_61' title='bbox 464 728 615 767; x_wconf 87' lang='lat' dir='ltr'>facere.</span> <span class='ocrx_word' id='word_1_62' title='bbox 677 727 810 778; x_wconf 86' lang='lat' dir='ltr'>Atqui</span> <span class='ocrx_word' id='word_1_63' title='bbox 828 727 907 766; x_wconf 89' lang='lat' dir='ltr'>hoc</span> <span class='ocrx_word' id='word_1_64' title='bbox 925 740 1072 767; x_wconf 89' lang='lat' dir='ltr'>omnes</span> <span class='ocrx_word' id='word_1_65' title='bbox 1089 727 1344 776; x_wconf 87' lang='lat' dir='ltr'>intellegunt</span> <span class='ocrx_word' id='word_1_66' title='bbox 1362 726 1542 765; x_wconf 86' lang='lat' dir='ltr'>clemen-</span> 
     </span>
     <span class='ocr_line' id='line_1_10' title="bbox 144 791 1542 845; baseline -0.003 -10"><span class='ocrx_word' id='word_1_67' title='bbox 144 795 249 835; x_wconf 86' lang='lat' dir='ltr'>tiam</span> <span class='ocrx_word' id='word_1_68' title='bbox 279 808 382 843; x_wconf 84' lang='lat' dir='ltr'>esse,</span> <span class='ocrx_word' id='word_1_69' title='bbox 413 807 523 845; x_wconf 89' lang='lat' dir='ltr'>quae</span> <span class='ocrx_word' id='word_1_70' title='bbox 551 807 594 834; x_wconf 82' lang='lat' dir='ltr'>se</span> <span class='ocrx_word' id='word_1_71' title='bbox 623 794 757 834; x_wconf 89' lang='lat' dir='ltr'>flectit</span> <span class='ocrx_word' id='word_1_72' title='bbox 788 794 894 833; x_wconf 90' lang='lat' dir='ltr'>citra</span> <span class='ocrx_word' id='word_1_73' title='bbox 922 794 979 842; x_wconf 88' lang='lat' dir='ltr'>id,</span> <span class='ocrx_word' id='word_1_74' title='bbox 1010 793 1124 844; x_wconf 92' lang='lat' dir='ltr'>quod</span> <span class='ocrx_word' id='word_1_75' title='bbox 1154 793 1308 833; x_wconf 88' lang='lat' dir='ltr'>merito</span> <span class='ocrx_word' id='word_1_76' title='bbox 1338 791 1542 832; x_wconf 89' lang='lat' dir='ltr'>constitui</span> 
     </span>
     <span class='ocr_line' id='line_1_11' title="bbox 142 865 300 912; baseline -0.013 -10"><span class='ocrx_word' id='word_1_77' title='bbox 142 865 300 912; x_wconf 87' lang='lat' dir='ltr'>posset.</span> 
     </span>
    </p>

    <p class='ocr_par' dir='ltr' id='par_1_3' title="bbox 96 925 1547 2372">
     <span class='ocr_line' id='line_1_12' title="bbox 199 925 1542 977; baseline -0.001 -10"><span class='ocrx_word' id='word_1_78' title='bbox 199 928 272 967; x_wconf 86' lang='lat' dir='ltr'>IV.</span> <span class='ocrx_word' id='word_1_79' title='bbox 316 928 427 967; x_wconf 91' lang='lat' dir='ltr'>Huic</span> <span class='ocrx_word' id='word_1_80' title='bbox 455 928 714 967; x_wconf 88' lang='lat' dir='ltr'>contrariam</span> <span class='ocrx_word' id='word_1_81' title='bbox 740 927 926 977; x_wconf 91' lang='lat' dir='ltr'>imperiti</span> <span class='ocrx_word' id='word_1_82' title='bbox 956 931 1115 977; x_wconf 89' lang='lat' dir='ltr'>putant</span> <span class='ocrx_word' id='word_1_83' title='bbox 1141 926 1438 974; x_wconf 86' lang='lat' dir='ltr'>severitatem;</span> <span class='ocrx_word' id='word_1_84' title='bbox 1469 925 1542 965; x_wconf 87' lang='lat' dir='ltr'>sed</span> 
     </span>
     <span class='ocr_line' id='line_1_13' title="bbox 143 991 1543 1043; baseline -0.002 -10"><span class='ocrx_word' id='word_1_85' title='bbox 143 994 259 1034; x_wconf 94' lang='lat' dir='ltr'>nulla</span> <span class='ocrx_word' id='word_1_86' title='bbox 299 994 437 1033; x_wconf 81' lang='lat' dir='ltr'>virtus</span> <span class='ocrx_word' id='word_1_87' title='bbox 477 994 630 1033; x_wconf 85' lang='lat' dir='ltr'>virtuti</span> <span class='ocrx_word' id='word_1_88' title='bbox 672 993 886 1033; x_wconf 86' lang='lat' dir='ltr'>contraria</span> <span class='ocrx_word' id='word_1_89' title='bbox 925 997 1003 1032; x_wconf 88' lang='lat' dir='ltr'>est.</span> <span class='ocrx_word' id='word_1_90' title='bbox 1076 992 1187 1041; x_wconf 84' lang='lat' dir='ltr'>Quid</span> <span class='ocrx_word' id='word_1_91' title='bbox 1227 1005 1326 1042; x_wconf 87' lang='lat' dir='ltr'>ergo</span> <span class='ocrx_word' id='word_1_92' title='bbox 1366 991 1543 1043; x_wconf 90' lang='lat' dir='ltr'>opponi-</span> 
     </span>
     <span class='ocr_line' id='line_1_14' title="bbox 143 1058 1543 1110; baseline -0.002 -10"><span class='ocrx_word' id='word_1_93' title='bbox 143 1065 214 1100; x_wconf 87' lang='lat' dir='ltr'>tur</span> <span class='ocrx_word' id='word_1_94' title='bbox 249 1060 530 1100; x_wconf 87' lang='lat' dir='ltr'>clementiae?</span> <span class='ocrx_word' id='word_1_95' title='bbox 588 1059 842 1107; x_wconf 87' lang='lat' dir='ltr'>Crudelitas,</span> <span class='ocrx_word' id='word_1_96' title='bbox 875 1072 984 1110; x_wconf 91' lang='lat' dir='ltr'>quae</span> <span class='ocrx_word' id='word_1_97' title='bbox 1016 1058 1119 1097; x_wconf 91' lang='lat' dir='ltr'>nihil</span> <span class='ocrx_word' id='word_1_98' title='bbox 1160 1059 1275 1098; x_wconf 92' lang='lat' dir='ltr'>aliud</span> <span class='ocrx_word' id='word_1_99' title='bbox 1316 1062 1380 1098; x_wconf 90' lang='lat' dir='ltr'>est</span> <span class='ocrx_word' id='word_1_100' title='bbox 1412 1071 1543 1109; x_wconf 88' lang='lat' dir='ltr'>quarn</span> 
     </span>
     <span class='ocr_line' id='line_1_15' title="bbox 142 1125 1544 1176; baseline -0.004 -9"><span class='ocrx_word' id='word_1_101' title='bbox 142 1127 349 1167; x_wconf 88' lang='lat' dir='ltr'>atrocitas</span> <span class='ocrx_word' id='word_1_102' title='bbox 384 1127 515 1165; x_wconf 86' lang='lat' dir='ltr'>animi</span> <span class='ocrx_word' id='word_1_103' title='bbox 551 1127 594 1165; x_wconf 90' lang='lat' dir='ltr'>in</span> <span class='ocrx_word' id='word_1_104' title='bbox 629 1126 849 1176; x_wconf 81' lang='lat' dir='ltr'>exigendis</span> <span class='ocrx_word' id='word_1_105' title='bbox 876 1125 1037 1176; x_wconf 83' lang='lat' dir='ltr'>poenis.</span> <span class='ocrx_word' id='word_1_106' title='bbox 1109 1125 1212 1165; x_wconf 72' lang='lat' dir='ltr'>‘Sed</span> <span class='ocrx_word' id='word_1_107' title='bbox 1249 1125 1426 1175; x_wconf 91' lang='lat' dir='ltr'>quidam</span> <span class='ocrx_word' id='word_1_108' title='bbox 1458 1137 1544 1163; x_wconf 91' lang='lat' dir='ltr'>non</span> 
     </span>
     <span class='ocr_line' id='line_1_16' title="bbox 142 1190 1543 1244; baseline -0.003 -11"><span class='ocrx_word' id='word_1_109' title='bbox 142 1194 320 1244; x_wconf 82' lang='lat' dir='ltr'>exigunt</span> <span class='ocrx_word' id='word_1_110' title='bbox 368 1206 541 1243; x_wconf 79' lang='lat' dir='ltr'>poenaS,</span> <span class='ocrx_word' id='word_1_111' title='bbox 592 1192 781 1232; x_wconf 88' lang='lat' dir='ltr'>crudeles</span> <span class='ocrx_word' id='word_1_112' title='bbox 828 1196 975 1231; x_wconf 89' lang='lat' dir='ltr'>tamen</span> <span class='ocrx_word' id='word_1_113' title='bbox 1029 1196 1144 1239; x_wconf 89' lang='lat' dir='ltr'>sunt,</span> <span class='ocrx_word' id='word_1_114' title='bbox 1194 1195 1420 1242; x_wconf 85' lang='lat' dir='ltr'>tamquam</span> <span class='ocrx_word' id='word_1_115' title='bbox 1469 1190 1543 1241; x_wconf 91' lang='lat' dir='ltr'>qui</span> 
     </span>
     <span class='ocr_line' id='line_1_17' title="bbox 142 1257 1543 1311; baseline -0.003 -12"><span class='ocrx_word' id='word_1_116' title='bbox 142 1260 311 1311; x_wconf 82' lang='lat' dir='ltr'>ignotos</span> <span class='ocrx_word' id='word_1_117' title='bbox 344 1259 538 1298; x_wconf 90' lang='lat' dir='ltr'>homines</span> <span class='ocrx_word' id='word_1_118' title='bbox 571 1263 613 1298; x_wconf 94' lang='lat' dir='ltr'>et</span> <span class='ocrx_word' id='word_1_119' title='bbox 648 1258 799 1297; x_wconf 86' lang='lat' dir='ltr'>obvios</span> <span class='ocrx_word' id='word_1_120' title='bbox 829 1272 915 1297; x_wconf 91' lang='lat' dir='ltr'>non</span> <span class='ocrx_word' id='word_1_121' title='bbox 946 1258 989 1297; x_wconf 89' lang='lat' dir='ltr'>in</span> <span class='ocrx_word' id='word_1_122' title='bbox 1021 1258 1338 1308; x_wconf 87' lang='lat' dir='ltr'>compendium,</span> <span class='ocrx_word' id='word_1_123' title='bbox 1370 1257 1443 1297; x_wconf 90' lang='lat' dir='ltr'>sed</span> <span class='ocrx_word' id='word_1_124' title='bbox 1474 1270 1543 1296; x_wconf 89' lang='lat' dir='ltr'>oc-</span> 
     </span>
     <span class='ocr_line' id='line_1_18' title="bbox 127 1323 1541 1371; baseline -0.002 -5"><span class='ocrx_word' id='word_1_125' title='bbox 127 1326 311 1366; x_wconf 64' lang='lat' dir='ltr'>‘cidendi</span> <span class='ocrx_word' id='word_1_126' title='bbox 343 1339 470 1365; x_wconf 89' lang='lat' dir='ltr'>causa</span> <span class='ocrx_word' id='word_1_127' title='bbox 500 1325 702 1365; x_wconf 84' lang='lat' dir='ltr'>occidunt</span> <span class='ocrx_word' id='word_1_128' title='bbox 733 1338 808 1364; x_wconf 88' lang='lat' dir='ltr'>nec</span> <span class='ocrx_word' id='word_1_129' title='bbox 838 1325 1074 1364; x_wconf 88' lang='lat' dir='ltr'>interficere</span> <span class='ocrx_word' id='word_1_130' title='bbox 1105 1324 1296 1364; x_wconf 87' lang='lat' dir='ltr'>contenti</span> <span class='ocrx_word' id='word_1_131' title='bbox 1327 1323 1541 1371; x_wconf 80' lang='lat' dir='ltr'>saeviunt,</span> 
     </span>
     <span class='ocr_line' id='line_1_19' title="bbox 142 1391 1542 1442; baseline -0.003 -10"><span class='ocrx_word' id='word_1_132' title='bbox 142 1398 191 1433; x_wconf 90' lang='lat' dir='ltr'>ut</span> <span class='ocrx_word' id='word_1_133' title='bbox 224 1393 387 1432; x_wconf 87' lang='lat' dir='ltr'>Busiris</span> <span class='ocrx_word' id='word_1_134' title='bbox 419 1392 486 1432; x_wconf 92' lang='lat' dir='ltr'>ille</span> <span class='ocrx_word' id='word_1_135' title='bbox 518 1396 561 1432; x_wconf 91' lang='lat' dir='ltr'>et</span> <span class='ocrx_word' id='word_1_136' title='bbox 594 1392 842 1431; x_wconf 88' lang='lat' dir='ltr'>Procrustes</span> <span class='ocrx_word' id='word_1_137' title='bbox 873 1396 916 1431; x_wconf 91' lang='lat' dir='ltr'>et</span> <span class='ocrx_word' id='word_1_138' title='bbox 949 1392 1128 1442; x_wconf 87' lang='lat' dir='ltr'>piratae,</span> <span class='ocrx_word' id='word_1_139' title='bbox 1162 1391 1234 1441; x_wconf 90' lang='lat' dir='ltr'>qui</span> <span class='ocrx_word' id='word_1_140' title='bbox 1269 1394 1418 1441; x_wconf 85' lang='lat' dir='ltr'>captos</span> <span class='ocrx_word' id='word_1_141' title='bbox 1450 1403 1542 1429; x_wconf 90' lang='lat' dir='ltr'>ver-</span> 
     </span>
     <span class='ocr_line' id='line_1_20' title="bbox 96 1456 1544 1509; baseline -0.003 -10"><span class='ocrx_word' id='word_1_142' title='bbox 96 1469 103 1480; x_wconf 89' lang='lat'>‘</span> <span class='ocrx_word' id='word_1_143' title='bbox 142 1459 295 1499; x_wconf 90' lang='lat' dir='ltr'>berant</span> <span class='ocrx_word' id='word_1_144' title='bbox 335 1463 378 1499; x_wconf 90' lang='lat' dir='ltr'>et</span> <span class='ocrx_word' id='word_1_145' title='bbox 419 1459 461 1497; x_wconf 91' lang='lat' dir='ltr'>in</span> <span class='ocrx_word' id='word_1_146' title='bbox 501 1459 643 1509; x_wconf 84' lang='lat' dir='ltr'>ignem</span> <span class='ocrx_word' id='word_1_147' title='bbox 678 1459 802 1497; x_wconf 81' lang='lat' dir='ltr'>vivos</span> <span class='ocrx_word' id='word_1_148' title='bbox 842 1458 1102 1508; x_wconf 79' lang='lat' dir='ltr'>imponunt.&#39;</span> <span class='ocrx_word' id='word_1_149' title='bbox 1164 1457 1282 1496; x_wconf 86' lang='lat' dir='ltr'>Haec</span> <span class='ocrx_word' id='word_1_150' title='bbox 1313 1456 1544 1496; x_wconf 84' lang='lat' dir='ltr'>crudelitas</span> 
     </span>
     <span class='ocr_line' id='line_1_21' title="bbox 143 1522 1542 1577; baseline -0.004 -11"><span class='ocrx_word' id='word_1_151' title='bbox 143 1526 338 1577; x_wconf 87' lang='lat' dir='ltr'>quidem;</span> <span class='ocrx_word' id='word_1_152' title='bbox 379 1525 451 1565; x_wconf 93' lang='lat' dir='ltr'>sed</span> <span class='ocrx_word' id='word_1_153' title='bbox 478 1526 579 1576; x_wconf 90' lang='lat' dir='ltr'>quia</span> <span class='ocrx_word' id='word_1_154' title='bbox 604 1538 680 1564; x_wconf 90' lang='lat' dir='ltr'>nec</span> <span class='ocrx_word' id='word_1_155' title='bbox 705 1524 914 1564; x_wconf 90' lang='lat' dir='ltr'>ultionem</span> <span class='ocrx_word' id='word_1_156' title='bbox 939 1524 1134 1574; x_wconf 86' lang='lat' dir='ltr'>sequitur</span> <span class='ocrx_word' id='word_1_157' title='bbox 1161 1524 1265 1572; x_wconf 94' lang='lat' dir='ltr'>(non</span> <span class='ocrx_word' id='word_1_158' title='bbox 1289 1522 1402 1562; x_wconf 90' lang='lat' dir='ltr'>enim</span> <span class='ocrx_word' id='word_1_159' title='bbox 1428 1522 1542 1562; x_wconf 91' lang='lat' dir='ltr'>laesa</span> 
     </span>
     <span class='ocr_line' id='line_1_22' title="bbox 142 1589 1544 1643; baseline -0.003 -11"><span class='ocrx_word' id='word_1_160' title='bbox 142 1595 224 1642; x_wconf 89' lang='lat' dir='ltr'>est)</span> <span class='ocrx_word' id='word_1_161' title='bbox 258 1606 334 1632; x_wconf 87' lang='lat' dir='ltr'>nec</span> <span class='ocrx_word' id='word_1_162' title='bbox 363 1596 540 1643; x_wconf 88' lang='lat' dir='ltr'>peccato</span> <span class='ocrx_word' id='word_1_163' title='bbox 570 1592 696 1631; x_wconf 85' lang='lat' dir='ltr'>alicui</span> <span class='ocrx_word' id='word_1_164' title='bbox 725 1591 924 1630; x_wconf 86' lang='lat' dir='ltr'>irascitur</span> <span class='ocrx_word' id='word_1_165' title='bbox 955 1590 1139 1639; x_wconf 90' lang='lat' dir='ltr'>(nullum</span> <span class='ocrx_word' id='word_1_166' title='bbox 1167 1590 1281 1629; x_wconf 91' lang='lat' dir='ltr'>enim</span> <span class='ocrx_word' id='word_1_167' title='bbox 1311 1589 1544 1629; x_wconf 89' lang='lat' dir='ltr'>antecessit</span> 
     </span>
     <span class='ocr_line' id='line_1_23' title="bbox 145 1656 1544 1708; baseline -0.003 -10"><span class='ocrx_word' id='word_1_168' title='bbox 145 1660 339 1708; x_wconf 84' lang='lat' dir='ltr'>crimen),</span> <span class='ocrx_word' id='word_1_169' title='bbox 375 1663 498 1698; x_wconf 82' lang='lat' dir='ltr'>extra</span> <span class='ocrx_word' id='word_1_170' title='bbox 541 1658 780 1698; x_wconf 89' lang='lat' dir='ltr'>finitionem</span> <span class='ocrx_word' id='word_1_171' title='bbox 824 1662 1016 1697; x_wconf 90' lang='lat' dir='ltr'>nostram</span> <span class='ocrx_word' id='word_1_172' title='bbox 1061 1657 1197 1705; x_wconf 86' lang='lat' dir='ltr'>cadit;</span> <span class='ocrx_word' id='word_1_173' title='bbox 1248 1656 1386 1696; x_wconf 87' lang='lat' dir='ltr'>finitio</span> <span class='ocrx_word' id='word_1_174' title='bbox 1429 1656 1544 1695; x_wconf 91' lang='lat' dir='ltr'>enim</span> 
     </span>
     <span class='ocr_line' id='line_1_24' title="bbox 145 1722 1544 1776; baseline -0.004 -11"><span class='ocrx_word' id='word_1_175' title='bbox 145 1725 395 1766; x_wconf 89' lang='lat' dir='ltr'>continebat</span> <span class='ocrx_word' id='word_1_176' title='bbox 438 1725 481 1764; x_wconf 89' lang='lat' dir='ltr'>in</span> <span class='ocrx_word' id='word_1_177' title='bbox 523 1725 672 1776; x_wconf 88' lang='lat' dir='ltr'>poenis</span> <span class='ocrx_word' id='word_1_178' title='bbox 713 1724 934 1774; x_wconf 81' lang='lat' dir='ltr'>exigendis</span> <span class='ocrx_word' id='word_1_179' title='bbox 975 1723 1355 1774; x_wconf 86' lang='lat' dir='ltr'>intemperantiam</span> <span class='ocrx_word' id='word_1_180' title='bbox 1398 1722 1544 1761; x_wconf 89' lang='lat' dir='ltr'>animi.</span> 
     </span>
     <span class='ocr_line' id='line_1_25' title="bbox 145 1789 1545 1838; baseline -0.003 -6"><span class='ocrx_word' id='word_1_181' title='bbox 145 1793 377 1832; x_wconf 89' lang='lat' dir='ltr'>Possumus</span> <span class='ocrx_word' id='word_1_182' title='bbox 393 1792 532 1831; x_wconf 92' lang='lat' dir='ltr'>dicere</span> <span class='ocrx_word' id='word_1_183' title='bbox 549 1805 635 1831; x_wconf 91' lang='lat' dir='ltr'>non</span> <span class='ocrx_word' id='word_1_184' title='bbox 653 1804 742 1831; x_wconf 91' lang='lat' dir='ltr'>esse</span> <span class='ocrx_word' id='word_1_185' title='bbox 761 1790 870 1830; x_wconf 90' lang='lat' dir='ltr'>hanc</span> <span class='ocrx_word' id='word_1_186' title='bbox 889 1790 1203 1838; x_wconf 89' lang='lat' dir='ltr'>crudelitatem,</span> <span class='ocrx_word' id='word_1_187' title='bbox 1221 1789 1293 1829; x_wconf 90' lang='lat' dir='ltr'>sed</span> <span class='ocrx_word' id='word_1_188' title='bbox 1311 1789 1545 1837; x_wconf 87' lang='lat' dir='ltr'>feritatem,</span> 
     </span>
     <span class='ocr_line' id='line_1_26' title="bbox 146 1856 1545 1909; baseline -0.004 -11"><span class='ocrx_word' id='word_1_189' title='bbox 146 1859 210 1898; x_wconf 91' lang='lat' dir='ltr'>cui</span> <span class='ocrx_word' id='word_1_190' title='bbox 247 1858 463 1909; x_wconf 85' lang='lat' dir='ltr'>voluptati</span> <span class='ocrx_word' id='word_1_191' title='bbox 499 1857 681 1897; x_wconf 87' lang='lat' dir='ltr'>saevitia</span> <span class='ocrx_word' id='word_1_192' title='bbox 716 1861 801 1905; x_wconf 88' lang='lat' dir='ltr'>est;</span> <span class='ocrx_word' id='word_1_193' title='bbox 853 1869 1081 1908; x_wconf 90' lang='lat' dir='ltr'>possumus</span> <span class='ocrx_word' id='word_1_194' title='bbox 1123 1856 1335 1895; x_wconf 88' lang='lat' dir='ltr'>insaniam</span> <span class='ocrx_word' id='word_1_195' title='bbox 1371 1867 1545 1894; x_wconf 87' lang='lat' dir='ltr'>vocare:</span> 
     </span>
     <span class='ocr_line' id='line_1_27' title="bbox 145 1921 1544 1974; baseline -0.003 -10"><span class='ocrx_word' id='word_1_196' title='bbox 145 1939 244 1964; x_wconf 89' lang='lat' dir='ltr'>nam</span> <span class='ocrx_word' id='word_1_197' title='bbox 268 1925 388 1964; x_wconf 87' lang='lat' dir='ltr'>varia</span> <span class='ocrx_word' id='word_1_198' title='bbox 411 1928 512 1964; x_wconf 91' lang='lat' dir='ltr'>sunt</span> <span class='ocrx_word' id='word_1_199' title='bbox 535 1937 689 1974; x_wconf 86' lang='lat' dir='ltr'>genera</span> <span class='ocrx_word' id='word_1_200' title='bbox 711 1924 801 1963; x_wconf 89' lang='lat' dir='ltr'>eius</span> <span class='ocrx_word' id='word_1_201' title='bbox 824 1927 866 1963; x_wconf 90' lang='lat' dir='ltr'>et</span> <span class='ocrx_word' id='word_1_202' title='bbox 890 1923 1055 1962; x_wconf 92' lang='lat' dir='ltr'>nullum</span> <span class='ocrx_word' id='word_1_203' title='bbox 1081 1923 1249 1970; x_wconf 91' lang='lat' dir='ltr'>certius,</span> <span class='ocrx_word' id='word_1_204' title='bbox 1274 1935 1405 1973; x_wconf 90' lang='lat' dir='ltr'>quam</span> <span class='ocrx_word' id='word_1_205' title='bbox 1429 1921 1544 1972; x_wconf 92' lang='lat' dir='ltr'>quod</span> 
     </span>
     <span class='ocr_line' id='line_1_28' title="bbox 144 1986 1544 2040; baseline -0.003 -10"><span class='ocrx_word' id='word_1_206' title='bbox 144 1992 186 2030; x_wconf 94' lang='lat' dir='ltr'>in</span> <span class='ocrx_word' id='word_1_207' title='bbox 214 1992 363 2031; x_wconf 89' lang='lat' dir='ltr'>caedes</span> <span class='ocrx_word' id='word_1_208' title='bbox 390 1991 613 2030; x_wconf 89' lang='lat' dir='ltr'>hominum</span> <span class='ocrx_word' id='word_1_209' title='bbox 639 1995 682 2030; x_wconf 93' lang='lat' dir='ltr'>et</span> <span class='ocrx_word' id='word_1_210' title='bbox 709 1986 1019 2029; x_wconf 82' lang='lat' dir='ltr'>lancinationes</span> <span class='ocrx_word' id='word_1_211' title='bbox 1046 1989 1256 2040; x_wconf 84' lang='lat' dir='ltr'>pervenit.</span> <span class='ocrx_word' id='word_1_212' title='bbox 1318 1988 1418 2027; x_wconf 88' lang='lat' dir='ltr'>Illos</span> <span class='ocrx_word' id='word_1_213' title='bbox 1444 2001 1544 2037; x_wconf 86' lang='lat' dir='ltr'>ergo</span> 
     </span>
     <span class='ocr_line' id='line_1_29' title="bbox 147 2054 1546 2108; baseline -0.004 -11"><span class='ocrx_word' id='word_1_214' title='bbox 147 2058 335 2098; x_wconf 91' lang='lat' dir='ltr'>crudeles</span> <span class='ocrx_word' id='word_1_215' title='bbox 373 2057 552 2105; x_wconf 86' lang='lat' dir='ltr'>vocabo,</span> <span class='ocrx_word' id='word_1_216' title='bbox 590 2058 662 2108; x_wconf 92' lang='lat' dir='ltr'>qui</span> <span class='ocrx_word' id='word_1_217' title='bbox 700 2057 904 2107; x_wconf 90' lang='lat' dir='ltr'>puniendi</span> <span class='ocrx_word' id='word_1_218' title='bbox 944 2069 1117 2095; x_wconf 88' lang='lat' dir='ltr'>causam</span> <span class='ocrx_word' id='word_1_219' title='bbox 1154 2055 1330 2103; x_wconf 86' lang='lat' dir='ltr'>habent,</span> <span class='ocrx_word' id='word_1_220' title='bbox 1368 2054 1546 2093; x_wconf 91' lang='lat' dir='ltr'>modum</span> 
     </span>
     <span class='ocr_line' id='line_1_30' title="bbox 146 2120 1547 2174; baseline -0.004 -10"><span class='ocrx_word' id='word_1_221' title='bbox 146 2138 231 2164; x_wconf 91' lang='lat' dir='ltr'>non</span> <span class='ocrx_word' id='word_1_222' title='bbox 258 2124 434 2172; x_wconf 87' lang='lat' dir='ltr'>habent,</span> <span class='ocrx_word' id='word_1_223' title='bbox 463 2125 573 2163; x_wconf 86' lang='lat' dir='ltr'>sicut</span> <span class='ocrx_word' id='word_1_224' title='bbox 600 2124 643 2162; x_wconf 91' lang='lat' dir='ltr'>in</span> <span class='ocrx_word' id='word_1_225' title='bbox 670 2123 856 2171; x_wconf 88' lang='lat' dir='ltr'>Phalari,</span> <span class='ocrx_word' id='word_1_226' title='bbox 885 2136 1013 2174; x_wconf 88' lang='lat' dir='ltr'>quem</span> <span class='ocrx_word' id='word_1_227' title='bbox 1041 2122 1163 2161; x_wconf 89' lang='lat' dir='ltr'>aiunt</span> <span class='ocrx_word' id='word_1_228' title='bbox 1190 2135 1276 2160; x_wconf 92' lang='lat' dir='ltr'>non</span> <span class='ocrx_word' id='word_1_229' title='bbox 1303 2120 1477 2172; x_wconf 87' lang='lat' dir='ltr'>quidem</span> <span class='ocrx_word' id='word_1_230' title='bbox 1505 2120 1547 2158; x_wconf 93' lang='lat' dir='ltr'>in</span> 
     </span>
     <span class='ocr_line' id='line_1_31' title="bbox 146 2186 1547 2240; baseline -0.004 -10"><span class='ocrx_word' id='word_1_231' title='bbox 146 2191 340 2231; x_wconf 89' lang='lat' dir='ltr'>homines</span> <span class='ocrx_word' id='word_1_232' title='bbox 371 2191 634 2238; x_wconf 86' lang='lat' dir='ltr'>innocentes,</span> <span class='ocrx_word' id='word_1_233' title='bbox 667 2190 738 2230; x_wconf 89' lang='lat' dir='ltr'>sed</span> <span class='ocrx_word' id='word_1_234' title='bbox 773 2203 899 2240; x_wconf 89' lang='lat' dir='ltr'>super</span> <span class='ocrx_word' id='word_1_235' title='bbox 929 2189 1168 2228; x_wconf 87' lang='lat' dir='ltr'>humanum</span> <span class='ocrx_word' id='word_1_236' title='bbox 1201 2201 1248 2227; x_wconf 89' lang='lat' dir='ltr'>ac</span> <span class='ocrx_word' id='word_1_237' title='bbox 1280 2186 1547 2238; x_wconf 85' lang='lat' dir='ltr'>probabilem</span> 
     </span>
     <span class='ocr_line' id='line_1_32' title="bbox 146 2253 1547 2305; baseline -0.004 -8"><span class='ocrx_word' id='word_1_238' title='bbox 146 2258 323 2298; x_wconf 88' lang='lat' dir='ltr'>modum</span> <span class='ocrx_word' id='word_1_239' title='bbox 370 2257 568 2297; x_wconf 83' lang='lat' dir='ltr'>saevisse.</span> <span class='ocrx_word' id='word_1_240' title='bbox 630 2257 862 2296; x_wconf 88' lang='lat' dir='ltr'>Possumus</span> <span class='ocrx_word' id='word_1_241' title='bbox 907 2255 1091 2305; x_wconf 75' lang='lat' dir='ltr'>effugere</span> <span class='ocrx_word' id='word_1_242' title='bbox 1139 2253 1457 2293; x_wconf 83' lang='lat' dir='ltr'>cavillationem</span> <span class='ocrx_word' id='word_1_243' title='bbox 1503 2256 1547 2292; x_wconf 91' lang='lat' dir='ltr'>et</span> 
     </span>
     <span class='ocr_line' id='line_1_33' title="bbox 146 2319 1546 2372; baseline -0.004 -9"><span class='ocrx_word' id='word_1_244' title='bbox 146 2325 208 2364; x_wconf 90' lang='lat' dir='ltr'>ita</span> <span class='ocrx_word' id='word_1_245' title='bbox 238 2324 370 2372; x_wconf 90' lang='lat' dir='ltr'>finire,</span> <span class='ocrx_word' id='word_1_246' title='bbox 400 2328 449 2363; x_wconf 91' lang='lat' dir='ltr'>ut</span> <span class='ocrx_word' id='word_1_247' title='bbox 478 2324 534 2363; x_wconf 88' lang='lat' dir='ltr'>sit</span> <span class='ocrx_word' id='word_1_248' title='bbox 564 2322 793 2362; x_wconf 84' lang='lat' dir='ltr'>crudelitas</span> <span class='ocrx_word' id='word_1_249' title='bbox 822 2321 1042 2361; x_wconf 87' lang='lat' dir='ltr'>inclinatio</span> <span class='ocrx_word' id='word_1_250' title='bbox 1071 2320 1203 2360; x_wconf 85' lang='lat' dir='ltr'>animi</span> <span class='ocrx_word' id='word_1_251' title='bbox 1233 2320 1285 2359; x_wconf 87' lang='lat' dir='ltr'>ad</span> <span class='ocrx_word' id='word_1_252' title='bbox 1317 2319 1546 2370; x_wconf 88' lang='lat' dir='ltr'>asperiora.</span> 
     </span>
    </p>
   </div>
  </div>
 </body>
</html>
