1667 2524
316 116 384 149 AD
419 115 669 150 NERONEM
703 115 770 148 DE
804 114 1097 149 CLEMENTIA
1130 114 1226 148 LIB.
1261 115 1277 147 Ι
1439 110 1493 151 59

97 234 316 285 telumque
339 234 529 274 detraxit
552 238 595 273 et
620 234 727 272 iram
750 233 840 273 eius
862 233 1068 273 inermem
1092 232 1276 284 reliquit.
1337 232 1493 272 Exem-

95 301 189 351 plar
219 300 297 340 hoc
329 300 494 350 magnis
526 300 694 350 regibus
726 300 922 350 ingessit;
969 304 1033 339 est
1064 299 1178 339 enim
1210 299 1266 338 illi
1299 312 1390 338 mos
1421 312 1492 338 ex-

94 380 232 407 ercere
270 381 312 407 se
351 367 393 405 in
431 367 575 417 parvis
613 371 655 406 et
694 366 933 416 ingentium
972 379 1111 405 rerum
1149 366 1410 405 documenta
1448 365 1492 404 in

94 434 272 472 minima
320 446 508 483 arguere.
571 433 738 473 Pudeat
787 432 841 472 ab
889 433 1053 482 exiguis
1101 431 1358 471 animalibus
1406 445 1491 471 non

94 499 262 539 trahere
309 513 460 548 mores,
510 512 606 539 cum
654 504 778 539 tanto
825 499 1049 548 hominum
1096 500 1358 539 moderatior
1403 513 1492 539 esse

93 566 262 605 animus
314 566 485 614 debeat,
541 570 706 617 quanto
761 565 1058 606 vehementius
1112 571 1250 606 nocet.
1312 566 1491 605 Utinam

93 632 267 683 quidem
292 633 442 673 eadem
469 632 631 671 homini
659 632 726 672 lex
750 637 860 673 esset
885 637 928 672 et
954 633 1015 672 ira
1043 646 1139 672 cum
1165 632 1249 672 telo
1275 646 1351 672 suo
1377 633 1491 672 fran-

92 703 262 749 geretur
287 712 362 739 nec
388 700 556 749 saepius
583 699 726 739 liceret
753 713 903 739 nocere
930 712 1061 750 quam
1087 699 1215 739 semel
1242 713 1317 739 nec
1344 699 1491 739 alienis

92 765 254 805 viribus
292 779 485 805 exercere
523 766 644 806 odia!
705 766 845 806 Facile
875 766 989 806 enim
1021 766 1251 806 lassaretur
1287 767 1417 814 furor,
1457 766 1491 805 si

91 843 166 882 per
196 845 238 871 se
269 831 349 871 sibi
381 832 485 871 satis
516 832 675 872 faceret
707 836 750 872 et
781 833 815 872 si
847 833 998 872 mortis
1029 832 1216 883 periculo
1248 832 1335 871 vim
1367 845 1489 872 suam

90 897 343 938 effunderet.
405 898 486 938 Sed
523 912 574 938 ne
611 912 723 938 nunc
760 899 935 950 quidem
971 899 1028 937 illi
1066 912 1211 939 cursus
1247 903 1369 939 tutus
1403 904 1489 948 est;

91 967 265 1003 tantum
293 965 406 1004 enim
435 978 603 1005 necesse
631 970 695 1005 est
725 966 892 1014 timeat,
922 970 1137 1017 quantum
1166 966 1307 1006 timeri
1336 965 1487 1015 voluit,

89 1034 133 1069 et
163 1043 317 1070 manus
348 1031 541 1070 omnium
573 1031 772 1071 observet
803 1037 846 1072 et
878 1045 927 1072 eo
959 1045 1131 1083 quoque
1163 1036 1369 1083 tempore,
1403 1046 1488 1083 quo

90 1109 176 1135 non
208 1102 423 1147 captatur,
454 1098 541 1148 peti
571 1111 614 1138 se
643 1098 802 1138 iudicet
832 1098 1083 1150 nullumque
1114 1104 1384 1139 momentum
1413 1099 1489 1139 im-

89 1175 218 1202 mune
240 1176 264 1202 a
286 1168 405 1203 metu
427 1159 600 1204 habeat.
663 1165 786 1204 Hanc
809 1165 963 1216 aliquis
985 1178 1107 1216 agere
1129 1166 1266 1205 vitam
1288 1166 1487 1215 sustinet,

91 1241 187 1268 cum
232 1229 357 1269 liceat
401 1230 626 1270 innoxium
672 1231 778 1279 aliis,
824 1231 878 1271 ob
923 1231 1002 1271 hoc
1046 1245 1256 1280 securum,
1301 1232 1489 1273 salutare

89 1295 310 1345 potentiae
348 1296 413 1335 ius
451 1296 573 1336 laetis
610 1297 810 1337 omnibus
848 1300 1065 1338 tractare?
1124 1299 1252 1338 Errat
1289 1299 1416 1347 enim,
1454 1299 1488 1339 si

91 1361 186 1411 quis
222 1362 445 1402 existimat
483 1367 630 1402 tutum
667 1377 756 1404 esse
794 1364 851 1403 ibi
889 1378 1043 1415 regem,
1081 1364 1154 1404 ubi
1192 1364 1295 1404 nihil
1332 1378 1357 1404 a
1394 1378 1488 1416 rege

88 1431 235 1467 tutum
265 1432 351 1477 est;
409 1429 616 1469 securitas
647 1430 878 1471 securitate
915 1436 1068 1471 mutua
1111 1431 1366 1482 paciscenda
1408 1436 1486 1472 est.

89 1492 186 1533 Non
214 1507 322 1544 opus
351 1499 415 1534 est
445 1495 654 1536 instruere
684 1496 726 1535 in
756 1496 894 1536 altum
922 1497 1061 1537 editas
1091 1511 1207 1538 arces
1236 1511 1312 1538 nec
1341 1498 1384 1537 in
1413 1498 1487 1538 ad-

87 1572 283 1600 scensum
317 1562 473 1601 arduos
508 1562 632 1602 colles
665 1564 856 1604 emunire
889 1577 965 1604 nec
991 1564 1126 1604 latera
1152 1565 1367 1605 montium
1392 1565 1487 1605 abs-

89 1626 239 1675 cidere,
297 1628 609 1679 multiplicibus
665 1643 708 1670 se
772 1631 905 1670 muris
970 1631 1247 1683 turribusque
1302 1632 1486 1682 saepire:

87 1692 256 1732 salvum
298 1707 439 1744 regem
483 1695 709 1736 clementia
750 1696 793 1735 in
835 1702 984 1748 aperto
1019 1698 1279 1748 praestabit.
1341 1699 1486 1738 Unum

86 1763 150 1799 est
204 1760 537 1812 inexpugnabile
592 1763 911 1803 munimentum
965 1778 1087 1804 amor
1140 1765 1312 1804 civium.
1373 1765 1485 1814 Quid

86 1825 305 1875 pulchrius
328 1832 392 1867 est
416 1841 548 1879 quam
572 1829 716 1869 vivere
740 1830 994 1880 optantibus
1019 1831 1184 1871 cunctis
1206 1836 1249 1871 et
1273 1836 1377 1871 vota
1401 1845 1486 1871 non

86 1891 165 1931 sub
204 1894 381 1933 custode
418 1896 802 1946 nuncupantibus?
853 1897 896 1937 Si
927 1897 1105 1947 paulum
1142 1897 1346 1937 valetudo
1383 1898 1486 1937 titu-

86 1957 223 2007 bavit,
259 1973 345 1999 non
380 1974 499 2011 spem
535 1961 758 2001 hominum
792 1963 984 2012 excitari,
1016 1964 1088 2004 sed
1124 1965 1320 2003 metum?
1370 1963 1485 2003 Nihil

86 2037 175 2064 esse
205 2026 407 2077 cuiquam
437 2032 527 2067 tam
556 2029 807 2078 pretiosum,
837 2030 952 2080 quod
982 2043 1067 2069 non
1096 2043 1172 2080 pro
1200 2030 1338 2070 salute
1366 2043 1486 2080 prae-

86 2090 188 2130 sidis
222 2092 287 2131 sui
320 2098 637 2134 commutatum
669 2095 803 2135 velit?
863 2096 1015 2136 Nonne
1046 2096 1128 2145 ille,
1162 2097 1227 2136 cui
1260 2097 1484 2147 contingit,

86 2157 166 2196 sibi
207 2171 379 2210 quoque
419 2160 563 2201 vivere
602 2161 790 2202 debeat?
840 2162 890 2201 In
930 2162 1009 2202 hoc
1049 2163 1239 2203 adsiduis
1278 2163 1486 2204 bonitatis

87 2225 351 2274 argumentis
376 2226 579 2276 probavit
604 2241 689 2267 non
715 2241 803 2268 rem
830 2229 1047 2279 publicam
1071 2243 1194 2269 suam
1217 2243 1320 2278 esse,
1346 2231 1418 2270 sed
1443 2243 1486 2271 se

87 2290 147 2330 rei
181 2291 391 2341 publicae.
452 2293 556 2342 Quis
590 2293 688 2334 huic
724 2295 883 2335 audeat
917 2300 1080 2336 struere
1114 2296 1287 2348 aliquod
1322 2297 1486 2348 pericu-
