1667 2524
76 467 94 495 10

125 130 179 174 34
554 131 595 166 L.
630 130 824 165 ANNAEI
860 131 1087 167 SENECAE

125 253 290 295 Claudii
330 255 460 295 funus
494 255 636 295 esset?
706 254 762 293 Et
803 259 896 294 erat
936 254 1129 294 omnium
1168 253 1525 294 formosissimum

125 326 168 361 et
191 321 385 371 impensa
410 333 524 368 cura,
549 320 675 371 plane
698 325 746 360 ut
769 320 896 360 scires
917 320 1046 360 deum
1069 320 1229 361 efferri:
1268 319 1525 368 tubicinum,

127 387 404 435 cornicinum,
429 386 568 426 omnis
591 386 761 441 generis
764 391 1191 440 aqnatanLtama
1206 386 1351 435 turba,
1376 391 1527 425 tantus

127 458 373 501 concentus,
422 458 471 493 ut
519 453 651 493 etiam
700 452 904 493 Claudius
952 453 1099 493 audire
1147 457 1305 503 posset.
1368 451 1527 492 Omnes

773 508 878 518 Α,
888 504 1014 512 ’,ςὴρμ
1031 507 1036 509 .

125 519 240 568 laeti,
284 519 458 559 hilares.
406 498 1534 571 ffli‘ssomanus--ambulaffl‘tamQ-Q,

106 585 258 629 ‚liber
303 585 475 636 Agatho
500 590 543 626 et
569 586 695 636 pauci
723 585 925 625 causidici
952 585 1197 636 plorabant,
1224 585 1296 625 sed
1324 584 1449 635 plane
1474 597 1528 624 ex

125 653 283 692 animo.
344 652 641 692 Iurisconsulti
693 665 715 692 e
766 651 954 692 tenebris
1005 651 1312 702 procedebant,
1364 650 1527 701 pallidi,

125 719 313 770 graciles,
336 719 410 758 vix
431 719 621 758 animam
643 717 866 766 habentes,
884 722 1109 769 tamquam
1132 718 1205 768 qui
1223 722 1318 757 tum
1340 717 1528 757 maxime

125 786 442 826 reviviscerent.
504 785 572 824 Ex
611 784 676 825 his
715 797 827 824 unus
869 797 965 824 cum
999 784 1177 824 vidisset
1211 784 1355 834 capita
1389 784 1529 823 confe-

126 857 267 892 rentes
288 856 331 892 et
360 852 559 892 fortunas
580 864 679 890 suas
699 850 975 901 deplorantes
1006 850 1257 898 causidicos,
1289 849 1455 890 accedit
1485 854 1529 890 et

126 919 208 959 ait:
268 918 486 959 ‘dicebam
532 917 676 957 vobis:
737 930 823 956 non
868 930 1036 968 semper
1080 916 1327 957 Saturnalia
1371 916 1529 956 erunt.'

77 997 96 1026 3
127 985 328 1026 Claudius
349 990 396 1025 ut
419 984 529 1025 vidit
551 984 681 1024 funus
712 997 850 1032 suum,
875 983 1085 1023 intellexit
1107 996 1150 1023 se
1178 988 1397 1023 mortuum
1425 995 1564 1036 ess-ez*

127 1051 297 1103 Ingenti
319 1052 433 1092 enim
454 1049 633 1104 μεγάλῳ
651 1048 815 1105 χορικῷ
834 1050 960 1090 nenia
984 1049 1245 1090 cantabatur
1261 1049 1529 1101 anapaestis:

377 1179 386 1197 ‘
400 1177 433 1217 F
438 1177 588 1217 undite
609 1176 750 1224 fletus,
772 1175 886 1216 edite
908 1174 1122 1226 planctus,

403 1248 576 1284 resonet
598 1243 712 1283 tristi
736 1242 919 1282 clamore
943 1242 1123 1282 Forum:

408 1310 563 1351 cecidit
584 1309 761 1361 pulchre
784 1309 986 1348 cordatus
1007 1307 1151 1356 homo,

404 1390 489 1429 quo
511 1390 597 1416 non
619 1376 728 1415 alius
748 1375 832 1415 fuit
853 1375 897 1414 in
919 1379 1014 1415 toto

403 1443 558 1483 fortior
578 1442 693 1483 orbe.

342 1525 375 1551 ιο
404 1510 481 1550 Ille
504 1510 638 1550 citato
660 1509 830 1549 vincere
853 1520 979 1548 cursu

404 1580 577 1628 poterat
600 1575 766 1624 celeres,
789 1575 857 1614 ille
879 1574 1055 1615 rebelles

402 1643 582 1683 fundere
604 1641 789 1682 Parthos
811 1641 1063 1692 levibusque
1084 1640 1205 1691 sequi

403 1709 579 1750 Persida
601 1709 710 1757 telis,
735 1713 936 1759 certaque
958 1720 1091 1747 manu

402 1776 579 1817 tendere
601 1788 796 1823 nervum,
820 1775 893 1826 qui
915 1773 1172 1825 praecipites

341 1858 374 1884 20
402 1842 579 1883 vulnere
600 1855 735 1893 parvo
758 1842 905 1892 figeret
927 1840 1086 1889 hostes,

402 1910 607 1961 pictaque
629 1908 741 1948 Medi
764 1913 884 1958 terga
905 1907 1083 1958 fugacis.

403 1976 480 2017 Ille
502 1976 735 2016 Britannos
756 1975 870 2015 ultra
892 1974 983 2014 noti

402 2042 529 2083 litora
550 2042 672 2093 ponti

401 2114 446 2150 et
469 2109 682 2149 caeruleos
703 2113 827 2148 scuta
849 2107 1080 2158 Brigantas

342 2191 376 2217 80
405 2176 506 2216 dare
528 2175 748 2215 Romuleis
771 2174 877 2214 colla
900 2173 1062 2214 catenis

401 2242 524 2283 iussit
545 2247 588 2283 et
610 2243 749 2293 ipsum
772 2254 885 2281 nova
907 2241 1130 2280 Romanae

112 2338 132 2363 L
400 2309 494 2349 iura
515 2309 672 2349 securis
693 2313 873 2348 tremere
896 2306 1128 2347 Oceanum.
