1667 2524
357 97 424 129 AD
459 68 722 130 POLYBIUM
757 95 823 128 DE
857 94 1242 130 CONSOLATIONE
1454 94 1501 134 ll

100 215 412 265 navigantibus
452 214 593 254 nullus
624 218 775 265 portus
807 215 886 253 nisi
918 215 1071 254 mortis
1102 218 1180 254 est.
1253 215 1316 255 Ne
1356 215 1504 266 itaque

100 282 306 322 invideris
352 282 475 321 fratri
521 286 618 321 tuo:
665 281 860 332 quiescit.
921 281 1115 321 Tandem
1161 281 1278 330 liber,
1326 283 1502 322 tandem

100 353 236 397 tutus,
287 348 463 388 tandem
516 352 716 387 aeternus
769 352 846 387 est.
936 348 1222 398 Superstitem
1276 348 1502 388 Caesarem

100 428 357 466 omnemque
383 415 472 454 eius
498 414 674 465 prolem,
702 415 979 464 superstitem
1006 419 1048 454 te
1076 428 1172 454 cum
1201 415 1502 455 communibus

98 481 230 521 habet
271 481 490 521 fratribus.
574 480 822 531 Antequam
864 481 1098 531 quicquam
1138 494 1192 521 ex
1232 494 1309 520 suo
1350 482 1501 521 favore

99 548 292 588 Fortuna
321 552 525 595 mutaret,
556 552 746 587 stantem
776 547 916 587 adhuc
947 547 1063 586 illam
1093 552 1136 587 et
1166 561 1346 587 munera
1375 548 1502 599 plena

98 628 230 654 manu
279 619 578 664 congerentem
627 614 812 664 reliquit.
874 614 1051 653 Fruitur
1097 627 1210 654 nunc
1260 619 1410 665 aperto
1458 619 1501 654 et
1531 628 1550 657 8

98 681 229 721 libero
246 681 375 729 caelo,
391 694 445 720 ex
460 680 608 719 humili
625 685 756 731 atque
771 681 971 730 depresso
987 681 1029 719 in
1045 694 1143 720 eum
1158 681 1333 720 emicuit
1345 681 1500 730 locum,
1567 670 1570 674 .

98 748 291 798 quisquis
315 747 382 787 1116
407 752 485 795 est,
512 747 584 797 qui
610 746 773 786 solutas
799 747 981 786 vinculis
1006 747 1172 786 animas
1197 747 1325 787 beato
1351 748 1501 798 recipit

96 814 206 863 sinu,
229 818 272 854 et
296 827 408 853 nunc
432 813 560 853 libere
584 813 666 852 illic
692 818 877 863 vagatur
900 815 1131 865 omniaque
1155 827 1295 854 rerum
1320 819 1501 855 naturae

97 880 210 920 bona
240 894 336 920 cum
365 894 533 920 summa
562 880 789 930 voluptate
818 881 1036 931 perspicit.
1098 881 1248 920 Err.as
1293 894 1380 937 11011
1384 895 1501 938 per-

96 947 206 987 didit
222 947 359 987 lucem
375 948 508 987 frater
523 951 637 995 tuus,
655 947 727 986 sed
744 961 1015 987 sinceiioiem
1039 948 1218 987 sortitus
1233 952 1310 987 est.
1354 947 1500 987 Omni·
1529 960 1549 988 9

96 1003 183 1053 bus
186 1009 268 1053 illo
279 1004 403 1053 nobis
422 1010 647 1053 commune
664 1018 728 1053 est
746 1014 847 1070 iter:
881 1014 985 1065 quid
1004 1014 1066 1054 fat
1072 1028 1096 1053 a
1113 1014 1352 1054 deflemus?
1402 1002 1499 1054 Non

84 1064 279 1131 'fessq‘ffi‘fi‘
302 1073 369 1120 ille
406 1094 483 1120 nos
517 1080 589 1120 sed
627 1066 871 1120 antecessit
937 1080 1038 1131 [29]
1090 1080 1183 1129 Est,
1220 1080 1325 1119 mihi
1363 1081 1498 1130 crede,

95 1160 252 1197 magna
288 1147 469 1186 felicitas
506 1147 548 1185 in
585 1146 677 1197 ipsa
715 1147 970 1186 necessitate
1008 1147 1232 1186 moriendi.
1294 1147 1409 1186 Nihil
1446 1161 1499 1188 ne

95 1213 139 1252 in
165 1218 308 1253 totum
335 1214 509 1264 quidem
535 1214 649 1253 diem
678 1214 780 1253 certi
807 1218 893 1253 est:
936 1214 1031 1264 quis
1057 1214 1100 1252 in
1128 1218 1221 1253 tam
1247 1214 1429 1253 obscura
1454 1218 1498 1254 et

95 1280 292 1319 involuta
327 1280 511 1319 veritate
545 1280 730 1329 divinat,
767 1284 969 1320 utrumne
1015 1280 1140 1320 fratri
1176 1285 1252 1321 tuo
1287 1294 1402 1320 mors
1435 1281 1498 1319 in-

95 1346 251 1386 Viderit
274 1360 327 1385 an
352 1346 643 1386 consuluerit?

151 1412 206 1452 X.
260 1413 371 1453 Illud
409 1426 595 1464 quoque,
633 1426 719 1464 qua
754 1413 922 1453 iustitia
958 1414 1001 1452 in
1037 1414 1240 1454 omnibus
1276 1413 1402 1455 rebus
1437 1427 1495 1463 eS,
1528 1428 1545 1457 1

95 1493 262 1520 necesse
290 1484 354 1519 est
384 1483 426 1519 te
455 1480 633 1520 adiuvet
664 1480 927 1530 cogitantem
956 1494 1042 1519 non
1071 1481 1273 1520 iniuriam
1302 1481 1381 1521 tibi
1408 1480 1496 1520 fae-

95 1549 200 1594 tam‚
225 1546 340 1597 quod
370 1546 501 1586 talem
524 1547 702 1586 fratrem
727 1547 923 1595 amisisti,
949 1547 1021 1587 sed
1047 1547 1302 1587 beneficium
1325 1547 1494 1594 datum,

95 1613 209 1663 quod
233 1617 323 1652 tam
345 1613 420 1652 diu
442 1612 520 1652 tibi
543 1613 706 1663 pietate
728 1613 818 1653 eius
840 1613 903 1653 uti
927 1614 1096 1664 fruique
1120 1613 1252 1653 licuit.
1314 1613 1495 1665 Iniquus
1525 1627 1545 1656 2

94 1683 171 1728 est,
195 1679 267 1730 qui
289 1679 477 1719 muneris
498 1679 562 1719 sui
584 1679 810 1719 arbitrium
832 1680 955 1719 danti
978 1694 1063 1733 non
1086 1680 1302 1731 relinquit,
1326 1680 1493 1729 avidus,

95 1746 166 1796 qui
194 1759 279 1784 non
308 1745 411 1785 lucri
438 1745 529 1785 loco
556 1745 702 1794 habet,
732 1747 846 1797 quod
876 1747 1056 1797 accepit,
1085 1747 1158 1787 sed
1187 1747 1349 1795 damni,
1378 1747 1493 1798 quod

94 1812 293 1852 reddidit.
354 1812 556 1862 lngratus
577 1817 655 1860 est,
677 1813 749 1864 qui
772 1813 972 1852 iniuriam
994 1818 1122 1853 vocat
1145 1813 1273 1853 finem
1295 1813 1494 1864 volupta-

94 1878 163 1927 tis,
191 1878 365 1927 stultus,
394 1879 466 1929 qui
494 1878 658 1917 nullum
686 1880 876 1918 fructum
903 1893 992 1919 esse
1019 1884 1148 1930 putat
1175 1880 1387 1919 bonorum
1414 1880 1492 1919 nisi

93 1945 398 1995 praesentium,
434 1945 507 2001 qui
542 1958 627 1984 non
661 1950 703 1985 et
738 1945 781 1984 in
815 1946 1059 1996 praeteritis
1094 1946 1333 1996 adquiescit
1367 1950 1410 1985 et
1443 1959 1494 1985 ea

93 2011 255 2051 iudicat
286 2012 479 2059 certiora,
510 2024 620 2062 quae
650 2011 863 2060 abierunt,
894 2013 995 2063 quia
1023 2012 1075 2052 de
1104 2012 1184 2051 illis
1213 2026 1264 2052 ne
1292 2012 1492 2052 desinant

93 2091 179 2117 non
208 2082 271 2117 est
302 2078 556 2117 timendum.
618 2078 755 2117 Nimis
786 2083 991 2128 angustat
1021 2079 1178 2129 gaudia
1209 2092 1299 2126 sua,
1331 2079 1404 2129 qui
1433 2079 1492 2118 eis
1522 2092 1542 2121 3

93 2144 414 2192 tantummodo,
433 2157 543 2194 quae
560 2144 691 2184 habet
710 2158 757 2183 ac
776 2145 908 2193 videt,
926 2145 1009 2184 frui
1027 2158 1069 2184 se
1087 2150 1215 2195 putat
1232 2150 1275 2185 et
1293 2145 1492 2185 habuisse

92 2211 242 2251 eadem
276 2224 351 2261 pro
385 2210 516 2249 nihilo
549 2211 690 2259 ducit;
742 2211 825 2250 cito
859 2212 973 2250 enim
1007 2225 1083 2250 nos
1117 2212 1256 2251 omnis
1290 2211 1492 2262 voluptas

93 2276 309 2327 relinquit,
335 2289 445 2327 quae
469 2276 563 2316 fluit
587 2281 630 2316 et
655 2277 811 2316 transit
836 2287 878 2316 et
902 2290 1038 2328 paene
1063 2282 1164 2317 ante
1188 2291 1320 2329 quam
1345 2278 1492 2319 veniat
