<?xml version="1.0" encoding="UTF-8"?>
<!DOCTYPE html PUBLIC "-//W3C//DTD XHTML 1.0 Transitional//EN"
    "http://www.w3.org/TR/xhtml1/DTD/xhtml1-transitional.dtd">
<html xmlns="http://www.w3.org/1999/xhtml" xml:lang="en" lang="en">
 <head>
  <title>
</title>
<meta http-equiv="Content-Type" content="text/html;charset=utf-8" />
  <meta name='ocr-system' content='tesseract 3.04.00' />
  <meta name='ocr-capabilities' content='ocr_page ocr_carea ocr_par ocr_line ocrx_word'/>
</head>
<body>
  <div class='ocr_page' id='page_1' title='image "./selectedessayssa00seneuoft_0063.png"; bbox 0 0 1667 2524; ppageno 0'>
   <div class='ocr_carea' id='block_1_1' title="bbox 373 107 1521 151">
    <p class='ocr_par' dir='ltr' id='par_1_1' title="bbox 373 107 1521 151">
     <span class='ocr_line' id='line_1_1' title="bbox 373 107 1521 151; baseline 0.003 -5"><span class='ocrx_word' id='word_1_1' title='bbox 373 112 441 146; x_wconf 88' lang='lat' dir='ltr'>AD</span> <span class='ocrx_word' id='word_1_2' title='bbox 475 111 741 146; x_wconf 74' lang='lat' dir='ltr'>POLYBIUM</span> <span class='ocrx_word' id='word_1_3' title='bbox 775 111 842 145; x_wconf 83' lang='lat' dir='ltr'>DE</span> <span class='ocrx_word' id='word_1_4' title='bbox 875 110 1260 146; x_wconf 82' lang='lat' dir='ltr'>CONSOLATIONE</span> <span class='ocrx_word' id='word_1_5' title='bbox 1467 107 1521 151; x_wconf 80' lang='lat'>23</span> 
     </span>
    </p>
   </div>
   <div class='ocr_carea' id='block_1_2' title="bbox 109 231 1570 1136">
    <p class='ocr_par' dir='ltr' id='par_1_2' title="bbox 113 231 1570 615">
     <span class='ocr_line' id='line_1_2' title="bbox 116 231 1570 281; baseline 0.001 -9"><span class='ocrx_word' id='word_1_6' title='bbox 116 232 294 273; x_wconf 81' lang='lat' dir='ltr'>tristitia</span> <span class='ocrx_word' id='word_1_7' title='bbox 339 231 582 272; x_wconf 85' lang='lat' dir='ltr'>revertitur.</span> <span class='ocrx_word' id='word_1_8' title='bbox 646 231 798 281; x_wconf 83' lang='lat' dir='ltr'>Cogita</span> <span class='ocrx_word' id='word_1_9' title='bbox 842 231 1100 271; x_wconf 81' lang='lat' dir='ltr'>modestiam</span> <span class='ocrx_word' id='word_1_10' title='bbox 1143 231 1247 279; x_wconf 91' lang='lat' dir='ltr'>eius,</span> <span class='ocrx_word' id='word_1_11' title='bbox 1293 231 1434 281; x_wconf 84' lang='lat' dir='ltr'>cogita</span> <span class='ocrx_word' id='word_1_12' title='bbox 1477 232 1520 271; x_wconf 90' lang='lat' dir='ltr'>in</span> <span class='ocrx_word' id='word_1_13' title='bbox 1552 246 1570 274; x_wconf 89' lang='lat'><em>8</em></span> 
     </span>
     <span class='ocr_line' id='line_1_3' title="bbox 115 297 1520 349; baseline -0.001 -10"><span class='ocrx_word' id='word_1_14' title='bbox 115 299 240 339; x_wconf 89' lang='lat' dir='ltr'>rebus</span> <span class='ocrx_word' id='word_1_15' title='bbox 276 298 450 349; x_wconf 79' lang='lat' dir='ltr'>agendis</span> <span class='ocrx_word' id='word_1_16' title='bbox 487 297 736 345; x_wconf 78' lang='lat' dir='ltr'>sollertiam,</span> <span class='ocrx_word' id='word_1_17' title='bbox 773 297 816 337; x_wconf 92' lang='lat' dir='ltr'>in</span> <span class='ocrx_word' id='word_1_18' title='bbox 851 297 1134 349; x_wconf 79' lang='lat' dir='ltr'>exsequendis</span> <span class='ocrx_word' id='word_1_19' title='bbox 1169 297 1441 346; x_wconf 82' lang='lat' dir='ltr'>industriam,</span> <span class='ocrx_word' id='word_1_20' title='bbox 1476 298 1520 337; x_wconf 91' lang='lat' dir='ltr'>in</span> 
     </span>
     <span class='ocr_line' id='line_1_4' title="bbox 114 364 1519 416; baseline -0.001 -12"><span class='ocrx_word' id='word_1_21' title='bbox 114 365 332 416; x_wconf 87' lang='lat' dir='ltr'>promissis</span> <span class='ocrx_word' id='word_1_22' title='bbox 359 364 663 405; x_wconf 79' lang='lat' dir='ltr'>constantiam.</span> <span class='ocrx_word' id='word_1_23' title='bbox 726 364 882 404; x_wconf 89' lang='lat' dir='ltr'>Omnia</span> <span class='ocrx_word' id='word_1_24' title='bbox 903 364 1020 404; x_wconf 89' lang='lat' dir='ltr'>dicta</span> <span class='ocrx_word' id='word_1_25' title='bbox 1041 364 1131 404; x_wconf 89' lang='lat' dir='ltr'>eius</span> <span class='ocrx_word' id='word_1_26' title='bbox 1154 378 1201 404; x_wconf 87' lang='lat' dir='ltr'>ac</span> <span class='ocrx_word' id='word_1_27' title='bbox 1224 364 1341 404; x_wconf 81' lang='lat' dir='ltr'>facta</span> <span class='ocrx_word' id='word_1_28' title='bbox 1362 369 1404 405; x_wconf 90' lang='lat' dir='ltr'>et</span> <span class='ocrx_word' id='word_1_29' title='bbox 1428 364 1519 404; x_wconf 88' lang='lat' dir='ltr'>aliis</span> 
     </span>
     <span class='ocr_line' id='line_1_5' title="bbox 113 430 1520 482; baseline -0.001 -10"><span class='ocrx_word' id='word_1_30' title='bbox 113 444 279 482; x_wconf 83' lang='lat' dir='ltr'>expone</span> <span class='ocrx_word' id='word_1_31' title='bbox 306 436 348 471; x_wconf 81' lang='lat' dir='ltr'>et</span> <span class='ocrx_word' id='word_1_32' title='bbox 377 431 547 471; x_wconf 84' lang='lat' dir='ltr'>tibimet</span> <span class='ocrx_word' id='word_1_33' title='bbox 574 431 664 481; x_wconf 89' lang='lat' dir='ltr'>ipse</span> <span class='ocrx_word' id='word_1_34' title='bbox 688 443 989 470; x_wconf 87' lang='lat' dir='ltr'>commemora.</span> <span class='ocrx_word' id='word_1_35' title='bbox 1052 430 1198 479; x_wconf 83' lang='lat' dir='ltr'>Qualis</span> <span class='ocrx_word' id='word_1_36' title='bbox 1222 430 1349 471; x_wconf 83' lang='lat' dir='ltr'>fuerit</span> <span class='ocrx_word' id='word_1_37' title='bbox 1381 431 1520 482; x_wconf 85' lang='lat' dir='ltr'>cogita</span> 
     </span>
     <span class='ocr_line' id='line_1_6' title="bbox 114 496 1519 549; baseline -0.001 -11"><span class='ocrx_word' id='word_1_38' title='bbox 114 498 337 549; x_wconf 91' lang='lat' dir='ltr'>qualisque</span> <span class='ocrx_word' id='word_1_39' title='bbox 370 497 530 548; x_wconf 89' lang='lat' dir='ltr'>sperari</span> <span class='ocrx_word' id='word_1_40' title='bbox 565 497 778 548; x_wconf 86' lang='lat' dir='ltr'>potuerit:</span> <span class='ocrx_word' id='word_1_41' title='bbox 828 497 931 548; x_wconf 88' lang='lat' dir='ltr'>quid</span> <span class='ocrx_word' id='word_1_42' title='bbox 965 496 1078 537; x_wconf 88' lang='lat' dir='ltr'>enim</span> <span class='ocrx_word' id='word_1_43' title='bbox 1112 497 1164 537; x_wconf 92' lang='lat' dir='ltr'>de</span> <span class='ocrx_word' id='word_1_44' title='bbox 1197 497 1268 536; x_wconf 92' lang='lat' dir='ltr'>illo</span> <span class='ocrx_word' id='word_1_45' title='bbox 1301 510 1387 536; x_wconf 91' lang='lat' dir='ltr'>non</span> <span class='ocrx_word' id='word_1_46' title='bbox 1420 502 1519 537; x_wconf 86' lang='lat' dir='ltr'>tuto</span> 
     </span>
     <span class='ocr_line' id='line_1_7' title="bbox 113 564 684 615; baseline -0.002 -11"><span class='ocrx_word' id='word_1_47' title='bbox 113 564 312 615; x_wconf 87' lang='lat' dir='ltr'>sponderi</span> <span class='ocrx_word' id='word_1_48' title='bbox 343 564 474 604; x_wconf 82' lang='lat' dir='ltr'>fratre</span> <span class='ocrx_word' id='word_1_49' title='bbox 507 565 684 615; x_wconf 83' lang='lat' dir='ltr'>posset?</span> 
     </span>
    </p>

    <p class='ocr_par' dir='ltr' id='par_1_3' title="bbox 109 630 1567 1136">
     <span class='ocr_line' id='line_1_8' title="bbox 169 630 1567 682; baseline 0 -12"><span class='ocrx_word' id='word_1_50' title='bbox 169 631 301 679; x_wconf 91' lang='lat' dir='ltr'>Haec,</span> <span class='ocrx_word' id='word_1_51' title='bbox 346 635 582 682; x_wconf 84' lang='lat' dir='ltr'>utcumque</span> <span class='ocrx_word' id='word_1_52' title='bbox 627 630 763 681; x_wconf 84' lang='lat' dir='ltr'>potui,</span> <span class='ocrx_word' id='word_1_53' title='bbox 809 630 937 681; x_wconf 85' lang='lat' dir='ltr'>longo</span> <span class='ocrx_word' id='word_1_54' title='bbox 982 630 1068 670; x_wconf 89' lang='lat' dir='ltr'>iam</span> <span class='ocrx_word' id='word_1_55' title='bbox 1113 630 1198 670; x_wconf 86' lang='lat' dir='ltr'>situ</span> <span class='ocrx_word' id='word_1_56' title='bbox 1244 630 1438 670; x_wconf 87' lang='lat' dir='ltr'>obsoleto</span> <span class='ocrx_word' id='word_1_57' title='bbox 1473 635 1515 671; x_wconf 88' lang='lat' dir='ltr'>et</span> <span class='ocrx_word' id='word_1_58' title='bbox 1548 641 1567 670; x_wconf 84' lang='lat'>9</span> 
     </span>
     <span class='ocr_line' id='line_1_9' title="bbox 113 696 1516 748; baseline -0.001 -11"><span class='ocrx_word' id='word_1_59' title='bbox 113 696 317 737; x_wconf 87' lang='lat' dir='ltr'>hebetato</span> <span class='ocrx_word' id='word_1_60' title='bbox 352 697 496 737; x_wconf 89' lang='lat' dir='ltr'>animo</span> <span class='ocrx_word' id='word_1_61' title='bbox 530 697 763 748; x_wconf 87' lang='lat' dir='ltr'>composui.</span> <span class='ocrx_word' id='word_1_62' title='bbox 826 697 944 746; x_wconf 80' lang='lat' dir='ltr'>Quae</span> <span class='ocrx_word' id='word_1_63' title='bbox 978 697 1012 737; x_wconf 87' lang='lat' dir='ltr'>si</span> <span class='ocrx_word' id='word_1_64' title='bbox 1046 701 1121 737; x_wconf 86' lang='lat' dir='ltr'>aut</span> <span class='ocrx_word' id='word_1_65' title='bbox 1156 710 1308 747; x_wconf 86' lang='lat' dir='ltr'>parum</span> <span class='ocrx_word' id='word_1_66' title='bbox 1344 710 1516 748; x_wconf 90' lang='lat' dir='ltr'>respon-</span> 
     </span>
     <span class='ocr_line' id='line_1_10' title="bbox 111 763 1513 814; baseline -0.001 -10"><span class='ocrx_word' id='word_1_67' title='bbox 111 764 210 804; x_wconf 87' lang='lat' dir='ltr'>dere</span> <span class='ocrx_word' id='word_1_68' title='bbox 245 763 415 814; x_wconf 83' lang='lat' dir='ltr'>ingenio</span> <span class='ocrx_word' id='word_1_69' title='bbox 451 768 528 803; x_wconf 87' lang='lat' dir='ltr'>tuo</span> <span class='ocrx_word' id='word_1_70' title='bbox 565 768 640 803; x_wconf 88' lang='lat' dir='ltr'>aut</span> <span class='ocrx_word' id='word_1_71' title='bbox 678 776 831 814; x_wconf 88' lang='lat' dir='ltr'>parum</span> <span class='ocrx_word' id='word_1_72' title='bbox 870 763 1028 803; x_wconf 88' lang='lat' dir='ltr'>mederi</span> <span class='ocrx_word' id='word_1_73' title='bbox 1063 763 1199 803; x_wconf 89' lang='lat' dir='ltr'>dolori</span> <span class='ocrx_word' id='word_1_74' title='bbox 1236 763 1513 812; x_wconf 85' lang='lat' dir='ltr'>videbuntur,</span> 
     </span>
     <span class='ocr_line' id='line_1_11' title="bbox 111 829 1513 881; baseline -0.001 -11"><span class='ocrx_word' id='word_1_75' title='bbox 111 830 266 880; x_wconf 78' lang='lat' dir='ltr'>cogita,</span> <span class='ocrx_word' id='word_1_76' title='bbox 303 843 434 881; x_wconf 89' lang='lat' dir='ltr'>quam</span> <span class='ocrx_word' id='word_1_77' title='bbox 470 843 555 869; x_wconf 92' lang='lat' dir='ltr'>non</span> <span class='ocrx_word' id='word_1_78' title='bbox 591 830 725 880; x_wconf 89' lang='lat' dir='ltr'>possit</span> <span class='ocrx_word' id='word_1_79' title='bbox 760 830 794 869; x_wconf 90' lang='lat' dir='ltr'>is</span> <span class='ocrx_word' id='word_1_80' title='bbox 830 829 992 870; x_wconf 88' lang='lat' dir='ltr'>alienae</span> <span class='ocrx_word' id='word_1_81' title='bbox 1028 843 1180 870; x_wconf 86' lang='lat' dir='ltr'>vacare</span> <span class='ocrx_word' id='word_1_82' title='bbox 1217 830 1513 878; x_wconf 83' lang='lat' dir='ltr'>consolationi,</span> 
     </span>
     <span class='ocr_line' id='line_1_12' title="bbox 111 896 1514 947; baseline 0 -11"><span class='ocrx_word' id='word_1_83' title='bbox 111 909 239 947; x_wconf 90' lang='lat' dir='ltr'>quem</span> <span class='ocrx_word' id='word_1_84' title='bbox 273 910 351 936; x_wconf 90' lang='lat' dir='ltr'>sua</span> <span class='ocrx_word' id='word_1_85' title='bbox 385 896 498 936; x_wconf 87' lang='lat' dir='ltr'>mala</span> <span class='ocrx_word' id='word_1_86' title='bbox 533 901 793 947; x_wconf 87' lang='lat' dir='ltr'>occupatum</span> <span class='ocrx_word' id='word_1_87' title='bbox 828 901 992 944; x_wconf 75' lang='lat' dir='ltr'>tenent,</span> <span class='ocrx_word' id='word_1_88' title='bbox 1026 901 1069 936; x_wconf 90' lang='lat' dir='ltr'>et</span> <span class='ocrx_word' id='word_1_89' title='bbox 1105 909 1235 947; x_wconf 88' lang='lat' dir='ltr'>quam</span> <span class='ocrx_word' id='word_1_90' title='bbox 1271 909 1357 935; x_wconf 90' lang='lat' dir='ltr'>non</span> <span class='ocrx_word' id='word_1_91' title='bbox 1391 896 1514 937; x_wconf 85' lang='lat' dir='ltr'>facile</span> 
     </span>
     <span class='ocr_line' id='line_1_13' title="bbox 109 962 1512 1014; baseline -0.001 -11"><span class='ocrx_word' id='word_1_92' title='bbox 109 962 266 1003; x_wconf 85' lang='lat' dir='ltr'>Latina</span> <span class='ocrx_word' id='word_1_93' title='bbox 307 963 344 1003; x_wconf 90' lang='lat' dir='ltr'>ei</span> <span class='ocrx_word' id='word_1_94' title='bbox 387 963 549 1002; x_wconf 86' lang='lat' dir='ltr'>homini</span> <span class='ocrx_word' id='word_1_95' title='bbox 592 963 724 1003; x_wconf 82' lang='lat' dir='ltr'>verba</span> <span class='ocrx_word' id='word_1_96' title='bbox 765 967 1031 1011; x_wconf 78' lang='lat' dir='ltr'>succurrant,</span> <span class='ocrx_word' id='word_1_97' title='bbox 1065 976 1193 1014; x_wconf 86' lang='lat' dir='ltr'>quem</span> <span class='ocrx_word' id='word_1_98' title='bbox 1228 963 1512 1003; x_wconf 88' lang='lat' dir='ltr'>barbarorum</span> 
     </span>
     <span class='ocr_line' id='line_1_14' title="bbox 109 1028 1513 1080; baseline 0 -12"><span class='ocrx_word' id='word_1_99' title='bbox 109 1028 355 1069; x_wconf 89' lang='lat' dir='ltr'>inconditus</span> <span class='ocrx_word' id='word_1_100' title='bbox 385 1034 427 1069; x_wconf 87' lang='lat' dir='ltr'>et</span> <span class='ocrx_word' id='word_1_101' title='bbox 459 1029 652 1069; x_wconf 88' lang='lat' dir='ltr'>barbaris</span> <span class='ocrx_word' id='word_1_102' title='bbox 692 1041 864 1080; x_wconf 90' lang='lat' dir='ltr'>quoque</span> <span class='ocrx_word' id='word_1_103' title='bbox 895 1028 1220 1069; x_wconf 82' lang='lat' dir='ltr'>humanioribus</span> <span class='ocrx_word' id='word_1_104' title='bbox 1250 1028 1393 1079; x_wconf 84' lang='lat' dir='ltr'>gravis</span> <span class='ocrx_word' id='word_1_105' title='bbox 1432 1028 1513 1069; x_wconf 89' lang='lat' dir='ltr'>fre-</span> 
     </span>
     <span class='ocr_line' id='line_1_15' title="bbox 111 1095 563 1136; baseline 0.002 -2"><span class='ocrx_word' id='word_1_106' title='bbox 111 1095 241 1135; x_wconf 89' lang='lat' dir='ltr'>mitus</span> <span class='ocrx_word' id='word_1_107' title='bbox 263 1095 563 1136; x_wconf 87' lang='lat' dir='ltr'>circumsonat.</span> 
     </span>
    </p>
   </div>
  </div>
 </body>
</html>
