1667 2524
431 110 498 143 AD
533 110 779 143 LUCILIUM
813 109 1059 143 EPISTULA
1092 110 1228 143 XVIII
1469 106 1521 148 81

123 230 179 270 sit
218 233 261 269 et
300 229 389 269 dies
430 242 570 268 rerum
610 229 895 279 agendarum:
951 229 1058 269 adeo
1098 228 1202 268 nihil
1242 229 1433 277 interest,
1474 234 1523 269 ut

124 294 242 345 (non)
290 295 489 334 videatur
540 294 643 334 mihi
689 308 862 343 errasse,
910 296 983 346 qui
1028 295 1140 335 dixit
1185 295 1286 333 olim
1333 309 1522 335 mensem

126 360 404 400 Decembrem
446 362 589 410 fuisse,
633 374 747 401 nunc
789 374 965 401 annum.
1026 362 1068 402 Si
1112 366 1153 402 te
1195 361 1262 401 hic
1304 361 1520 410 haberem,

123 426 304 467 libenter
337 431 479 467 tecum
516 428 763 475 conferrem,
800 428 903 479 quid
938 428 1207 467 existimares
1241 441 1330 468 esse
1364 429 1521 467 facien-

121 493 247 532 dum:
290 498 435 533 utrum
464 493 567 532 nihil
595 507 648 533 ex
676 494 893 534 cotidiana
921 495 1230 534 consuetudine
1257 494 1521 534 movendum

121 572 190 607 an,
235 573 287 599 ne
329 560 533 600 dissidere
577 561 820 600 videremur
864 574 960 600 cum
1004 560 1186 611 publicis
1229 560 1433 609 moribus,
1477 565 1520 600 et

121 625 295 665 hilarius
323 627 562 666 cenandum
588 631 631 666 et
657 627 899 667 exuendam
927 632 1087 677 togam.
1150 627 1261 666 Nam
1288 627 1404 678 quod
1431 627 1520 667 fieri

122 692 201 731 nisi
236 692 279 731 in
314 692 506 733 tumultu
541 698 584 732 et
619 693 731 732 tristi
768 698 960 744 tempore
996 693 1185 733 civitatis
1220 706 1305 732 non
1340 693 1519 742 solebat,

121 757 360 809 voluptatis
387 772 514 798 causa
541 772 589 799 ac
616 760 823 799 festorum
850 760 1017 799 dierum
1044 763 1209 799 vestem
1235 760 1517 799 mutavimus.

121 824 163 864 Si
200 828 242 864 te
279 824 385 865 bene
422 826 537 873 novi,
575 825 725 865 arbitri
762 825 959 876 partibus
995 826 1170 865 functus
1207 839 1283 866 nec
1320 839 1395 877 per
1430 839 1519 865 om-

121 891 191 930 nia
228 904 304 933 nos
341 891 497 931 similes
534 905 623 933 esse
660 891 860 942 pilleatae
897 891 1050 932 turbae
1088 892 1294 932 voluisses
1332 906 1407 932 nec
1445 906 1520 943 per

120 958 264 996 omnia
300 958 545 998 dissimiles:
598 958 677 997 nisi
714 959 825 998 forte
862 958 926 997 his
963 959 1151 999 maxime
1187 958 1338 999 diebus
1374 959 1518 998 animo

119 1023 418 1074 imperandum
454 1029 532 1072 est,
569 1029 618 1064 ut
655 1028 758 1064 tunc
795 1024 1097 1075 voluptatibus
1132 1024 1246 1064 solus
1283 1025 1516 1074 abstineat,

121 1102 218 1129 cum
251 1090 294 1129 in
327 1090 419 1130 illas
452 1090 589 1129 omnis
623 1090 751 1130 turba
784 1090 1037 1141 procubuit;
1088 1091 1371 1130 certissimum
1404 1091 1517 1131 enim

120 1160 421 1205 argumentum
461 1156 678 1196 firmitatis
716 1169 817 1196 suae
858 1157 986 1207 capit,
1027 1157 1060 1196 si
1100 1157 1154 1196 ad
1195 1157 1354 1197 blanda
1393 1162 1436 1196 et
1475 1157 1517 1195 in

122 1222 335 1261 luxuriam
369 1222 585 1262 trahentia
627 1235 702 1262 nec
745 1223 778 1262 it
820 1236 896 1262 nec
938 1222 1182 1262 abducitur.
1243 1223 1337 1263 Hoc
1380 1223 1517 1263 multo

119 1288 272 1328 fortius
297 1293 375 1336 est,
397 1288 513 1328 ebrio
540 1301 588 1328 ac
614 1290 856 1329 vomitante
882 1289 1041 1339 populo
1067 1289 1226 1328 siccum
1252 1302 1301 1328 ac
1327 1289 1517 1328 sobrium

119 1367 222 1402 esse,
260 1354 362 1394 illud
401 1356 695 1405 temperatius,
734 1369 820 1394 non
856 1368 1080 1406 excerpere
1117 1369 1174 1403 se,
1212 1369 1288 1395 nec
1325 1356 1515 1406 insigniri

120 1433 195 1460 nec
234 1421 398 1460 misceri
438 1421 637 1460 omnibus
675 1426 718 1461 et
757 1421 922 1470 eadem,
962 1422 1034 1462 sed
1074 1435 1160 1461 non
1198 1420 1348 1460 eodem
1388 1422 1516 1462 modo

119 1487 270 1527 facere.
331 1487 450 1527 Licet
497 1488 609 1527 enim
657 1488 747 1528 sine
795 1487 964 1527 luxuria
1012 1501 1134 1538 agere
1181 1489 1339 1528 festum
1387 1488 1514 1528 diem.

118 1552 317 1592 Ceterum
334 1553 441 1593 adeo
464 1553 565 1592 mihi
588 1554 729 1604 placet
755 1558 970 1604 temptare
998 1555 1129 1593 animi
1159 1556 1222 1594 tui
1250 1555 1515 1603 firmitatem,

120 1623 168 1659 ut
204 1632 257 1659 ex
292 1624 521 1670 praecepto
558 1633 811 1670 magnorum
848 1621 1038 1665 virorum
1075 1620 1153 1660 tibi
1190 1634 1362 1672 quoque
1396 1634 1516 1672 prae-

121 1686 297 1735 cipiam:
350 1686 597 1736 interponas
635 1687 800 1737 aliquot
837 1686 941 1735 dies,
980 1687 1136 1738 quibus
1175 1691 1403 1727 contentus
1440 1688 1516 1726 mi-

119 1752 233 1790 nimo
267 1764 316 1791 ac
351 1752 555 1791 vilissimo
591 1752 698 1800 cibo,
727 1752 835 1792 dura
869 1758 1001 1804 atque
1035 1753 1207 1793 horrida
1243 1758 1377 1801 veste,
1399 1754 1515 1793 dicas

120 1816 220 1856 tibi:
253 1817 353 1857 ‘hoc
384 1822 448 1858 est
485 1819 599 1869 quod
636 1818 923 1858 timebatur?’
984 1818 1035 1858 In
1060 1820 1152 1870 ipsa
1173 1812 1403 1859 s’ecuritate
1428 1820 1516 1858 ani-

118 1896 214 1922 mus
235 1884 289 1923 ad
310 1884 498 1923 difficilia
519 1897 562 1924 se
590 1888 816 1935 praeparet
844 1888 887 1924 et
917 1889 1066 1925 contra
1093 1885 1270 1925 iniurias
1300 1886 1516 1926 Fortunae

120 1949 233 1989 inter
265 1949 471 1990 beneficia
506 1951 711 1991 firmetur.
772 1951 891 1990 Miles
925 1952 968 1990 in
1002 1951 1143 1990 media
1177 1964 1281 2002 pace
1314 1951 1515 2000 decurrit,

121 2016 210 2055 sine
232 2015 317 2055 ullo
341 2015 463 2056 hoste
486 2016 648 2055 vallum
671 2017 771 2056 iacit
795 2021 837 2056 et
861 2030 1127 2067 supervacuo
1151 2017 1295 2057 labore
1318 2017 1515 2066 lassatur,

123 2085 171 2120 ut
197 2081 386 2121 sufficere
413 2083 648 2122 necessario
674 2084 823 2133 possit.
884 2083 1021 2131 Quem
1048 2084 1090 2122 in
1116 2084 1208 2134 ipsa
1235 2097 1277 2124 re
1303 2084 1517 2134 trepidare

122 2147 320 2195 nolueris,
355 2152 455 2188 ante
488 2161 575 2188 rem
608 2161 818 2188 exerceas.
880 2149 973 2188 Hoc
1006 2150 1140 2189 secuti
1173 2154 1288 2198 sunt,
1323 2150 1395 2201 qui
1428 2163 1517 2189 om-

122 2212 248 2252 nibus
282 2214 501 2254 mensibus
536 2219 839 2265 paupertatem
874 2216 1033 2255 imitati
1069 2229 1201 2266 prope
1237 2216 1291 2256 ad
1327 2217 1517 2266 inopiam

124 2284 407 2328 accesserunt,
438 2293 490 2320 ne
529 2293 737 2332 umquam
778 2286 1112 2332 expavescerent
1155 2282 1270 2333 quod
1301 2295 1427 2333 saepe
1456 2283 1518 2322 di-

338 2354 361 2376 G·

1548 377 1567 404 [Ο
