1667 2524
97 566 116 594 2

144 100 198 142 76
586 98 626 132 L.
661 99 854 133 ANNAEI
891 94 1118 135 SENECAE

145 224 360 274 imperant
391 224 434 263 in
466 228 567 263 actu
599 223 757 262 1n0ri?’
818 223 940 272 Quod
973 236 1050 273 ego
1082 223 1160 263 tibi
1193 224 1340 263 videor
1371 224 1541 265 interim

145 290 337 338 suadere,
370 290 411 329 in
444 289 522 329 hoc
554 303 620 329 me
650 289 868 329 recondidi
899 294 942 329 et
973 290 1083 329 fores
1115 289 1232 337 clusi,
1264 294 1312 329 ut
1343 291 1542 341 prodesse

146 356 340 407 pluribus
390 370 571 406 possein.
634 355 785 395 Nullus
835 355 938 394 mihi
989 369 1064 407 per
1112 357 1249 395 otium
1299 357 1389 396 dies
1438 359 1541 398 exit.

146 423 317 462 Partem
351 424 541 462 noctium
574 423 728 462 studiis
760 422 944 462 vindico.
1007 422 1103 461 Non
1136 436 1241 462 vaco
1273 436 1438 473 somne,
1470 426 1542 466 sed

145 488 377 529 succumbo
401 494 444 529 et
468 489 612 528 oculos
638 488 781 538 vigilia
806 488 1011 539 fatigatos
1038 489 1326 541 cadentesque
1351 491 1394 530 in
1418 505 1544 543 opere

144 556 330 596 detineo.
391 555 549 595 Secessi
577 568 662 593 non
688 558 861 595 tantum
888 555 942 594 ab
969 554 1228 605 hominibus,
1255 557 1327 597 sed
1355 571 1379 597 a
1405 558 1544 607 rebus,

143 626 188 662 et
223 622 432 673 imprimis
467 634 492 660 a
532 621 637 661 meis
676 621 822 662 rebus:
880 626 1149 672 posterorum
1190 625 1410 674 negotium
1451 638 1544 675 ago.

146 689 233 728 Illis
262 689 420 739 aliqua,
452 701 561 739 quae
590 688 756 739 possint
786 688 999 738 prodesse,
1032 690 1267 730 conscribo.
1330 690 1547 731 Salutares

144 756 475 803 admonitiones,
515 754 633 795 velut
672 755 1087 796 medicamentorum
1126 757 1298 796 utilium
1341 758 1548 808 compesi-

146 823 297 871 tiones,
319 822 471 862 litteris
490 822 664 870 mando,
684 834 773 862 esse
794 822 885 862 illas
911 823 1101 863 efficaces
1132 824 1174 862 in
1203 824 1308 863 meis
1337 823 1549 864 ulceribus

145 895 362 940 expertus,
408 902 517 940 quae
561 888 693 928 etiam
739 889 772 928 si
818 893 1048 939 persanata
1093 903 1177 929 non
1224 895 1338 939 sunt,
1384 903 1549 941 serpere

146 957 376 996 desierunt.
439 956 624 996 Rectum
670 956 762 1004 iter,
808 957 921 1007 quod
967 970 1058 996 sero
1104 957 1284 1005 cognovi
1328 961 1371 996 et
1416 957 1550 997 lassus

146 1024 342 1071 errando,
390 1022 481 1062 aliis
530 1027 736 1063 monstro.
811 1023 980 1062 Clamo:
1043 1023 1203 1063 ‘vitate
1253 1036 1550 1074 quaecumque

147 1089 275 1140 vulgo
307 1089 492 1140 placent,
514 1102 624 1140 quae
647 1102 767 1129 casus
789 1090 1005 1129 attribuit.
1068 1090 1133 1130 Ad
1161 1103 1287 1129 omne
1319 1090 1549 1129 fortuitum

146 1156 308 1196 bonum
341 1156 560 1207 suspiciosi
594 1156 827 1207 pavidique
860 1156 1103 1196 subsistite:
1151 1161 1194 1196 et
1228 1157 1316 1196 fera
1350 1161 1393 1196 et
1426 1157 1551 1207 piscis

146 1237 220 1274 spe
258 1223 402 1274 aliqua
440 1223 685 1263 oblectante
724 1222 950 1273 decipitur.
1014 1223 1190 1262 Munera
1230 1223 1313 1262 ista
1351 1224 1551 1263 fortunae

146 1291 343 1340 putatis?
394 1289 579 1330 Insidiae
611 1293 726 1329 sunt.
789 1290 991 1340 Quisquis
1024 1294 1214 1329 vestrum
1252 1294 1394 1329 tutam
1429 1302 1552 1339 agere

148 1357 284 1396 vitam
307 1356 436 1404 volet,
459 1360 673 1408 quantum
696 1356 929 1406 plurimum
952 1359 1111 1406 potest,
1136 1357 1217 1396 ista
1241 1356 1406 1396 viscata
1427 1356 1551 1397 bene-

147 1423 242 1462 ficia
276 1422 455 1472 devitet,
492 1423 534 1462 in
569 1423 726 1474 quibus
762 1422 839 1461 hoc
875 1436 1047 1474 quoque
1084 1423 1307 1462 miserrimi
1343 1422 1552 1462 fallimur:

148 1490 304 1530 habere
344 1504 420 1530 nos
459 1495 679 1540 putamus,
721 1489 957 1529 haeremus.
1021 1490 1072 1528 In
1113 1490 1365 1540 praecipitia
1406 1502 1551 1529 cursus

148 1557 226 1597 iste
261 1557 449 1597 deducit.
513 1556 654 1596 Huius
690 1558 918 1597 eminentis
955 1557 1071 1597 vitae
1108 1557 1251 1596 exitus
1289 1556 1438 1596 cadere
1472 1560 1550 1596 est.

150 1624 312 1663 Deinde
335 1637 386 1663 ne
412 1624 605 1664 resistere
632 1624 805 1675 quidem
839 1623 949 1670 licet,
982 1636 1074 1663 cum
1112 1622 1252 1673 coepit
1285 1626 1551 1662 transversos

147 1704 270 1740 agere
302 1690 504 1739 felicitas;
555 1694 631 1730 aut
663 1690 806 1730 saltim
843 1691 967 1729 rectis
1001 1694 1077 1729 aut
1112 1689 1239 1729 semel
1277 1686 1416 1728 rucrei
1465 1702 1549 1728 non

148 1757 278 1797 vertit
304 1757 509 1805 Fortuna,
534 1757 606 1796 sed
633 1757 826 1796 cernulat
849 1760 891 1796 et
916 1756 1066 1796 allidit.
1130 1756 1376 1809 Hanc-ergo
1399 1768 1549 1794 sanam

147 1837 195 1862 ac
223 1824 437 1863 salubrem
466 1824 650 1863 formam
680 1824 796 1863 vitae
825 1827 982 1871 tenete,
1012 1827 1060 1862 ut
1091 1822 1255 1872 corpori
1286 1826 1459 1861 tantum
1488 1822 1549 1860 in-

146 1890 372 1939 dulgeatis‚
412 1895 625 1942 quantum
665 1889 803 1929 bonae
841 1889 1070 1929 valitudini
1109 1889 1213 1928 satis
1250 1893 1328 1928 est.
1392 1887 1549 1927 Durius

148 1960 188 1995 tr
190 1957 424 1996 actandum
441 1960 520 2004 est,
538 1970 589 1996 ne
606 1957 750 1996 anime
770 1969 822 1994 m
816 1956 1068 2006 ilel).·2:11e2t
1098 1955 1220 2014 gibus
1237 1954 1569 2011 fa1110111ffiglss2„

146 2023 266 2073 potio
297 2023 414 2063 sitim
454 2024 696 2073 extinguat,
731 2022 862 2062 vestis
894 2026 1037 2062 arceat
1080 2010 1246 2071 frigus]
1259 2021 1413 2061 domus
1455 2033 1546 2059 mu-

146 2090 388 2129 nimentum
420 2090 476 2129 sit
507 2089 713 2130 adversus
761 2090 916 2129 infesta
965 2090 1164 2139 corperis.
1228 2088 1351 2127 Hanc
1399 2090 1545 2127 utrum

147 2169 317 2206 caespes
362 2156 543 2196 erexerit
589 2169 643 2196 an
691 2157 835 2195 varius
881 2155 988 2205 lapis
1033 2155 1171 2205 gentis
1218 2154 1394 2202 alienae,
1442 2153 1544 2192 nihil

146 2223 343 2262 interest:
392 2223 546 2262 scitote
580 2226 669 2262 tam
706 2222 812 2261 bene
847 2220 1063 2261 hominem
1100 2221 1239 2260 culmo
1274 2234 1405 2272 quam
1441 2233 1544 2259 auro

146 2289 243 2338 tegi.
304 2288 579 2328 Contemnite
614 2288 773 2336 omnia,
810 2300 920 2338 quae
955 2299 1249 2337 supervacuus
1284 2286 1404 2325 labor
1426 2285 1544 2326 velut
