1667 2524
286 116 354 149 AD
390 116 640 150 NERONEM
675 117 741 150 DE
775 118 1067 150 CLEMENTIA
1102 118 1196 150 LIB.
1234 118 1248 149 Ι
1425 114 1477 155 (13

79 234 232 283 scitum
293 234 377 274 cito
422 235 661 285 apparebit,
707 248 805 285 pars
850 235 1039 275 civitatis
1082 236 1269 275 deterior
1311 242 1475 287 quanto

77 306 346 351 praegravet.
407 301 504 340 Non
557 301 698 340 minus
751 302 932 352 principi
987 302 1129 352 turpia
1183 308 1283 342 sunt
1338 302 1474 342 multa

76 367 285 417 supplicia
323 380 453 418 quam
490 367 655 407 medico
692 367 830 407 multa
866 368 1016 407 funera
1029 381 1038 416 ;
1091 369 1306 408 remissius
1343 369 1474 419 impe-

77 434 189 473 ranti
231 434 381 473 melius
420 439 609 484 paretur.
671 433 838 475 Natura
880 440 1115 474 contumax
1154 441 1217 474 est
1260 434 1473 475 humanus

75 500 245 539 animus
285 506 327 540 et
369 500 411 538 in
454 500 715 539 contrarium
757 505 889 551 atque
930 501 1113 540 arduum
1155 501 1296 540 nitens
1336 503 1474 552 sequi-

76 574 231 616 turque
261 566 428 605 facilius
459 579 589 617 quam
619 567 813 614 ducitur;
859 572 901 606 et
932 573 981 606 ut
1011 568 1201 617 generosi
1233 581 1281 607 ac
1312 568 1474 607 nobiles

75 633 171 682 equi
203 632 353 671 melius
383 633 497 672 facili
527 633 646 672 freno
678 638 896 683 reguntur,
928 634 989 672 ita
1021 633 1292 673 clementiam
1324 634 1475 673 volun—

75 699 186 737 taria
216 699 463 738 innocentia
500 699 666 749 impetu
704 712 780 738 suo
819 700 1026 750 sequitur,
1059 708 1101 739 et
1133 700 1308 750 dignam
1345 706 1474 751 putat

77 764 244 811 civitas,
270 777 401 815 quam
426 772 567 804 servet
592 765 685 804 sibi.
747 765 848 804 Plus
872 766 1020 816 itaque
1045 765 1123 805 hac
1149 767 1217 804 via
1237 767 1472 816 proficitur.

132 830 272 869 XXV.
315 831 555 870 Crudelitas
598 832 773 871 minime
817 832 1056 871 humanum
1100 832 1262 871 malum
1305 841 1369 872 est
1413 834 1474 872 in-

74 897 338 948 dignumque
370 902 461 936 tam
492 898 587 937 miti
619 898 783 946 animo;
830 899 966 937 ferina
997 899 1080 938 ista
1116 899 1252 938 rabies
1284 908 1347 939 est
1379 913 1473 939 san-

74 963 200 1013 guine
222 964 406 1013 gaudere
427 976 476 1003 ac
498 963 745 1003 volneribus
766 969 808 1003 et
831 964 999 1004 abiecto
1021 964 1193 1004 homine
1215 966 1257 1003 in
1280 965 1474 1006 silvestre

75 1029 233 1068 animal
263 1030 458 1069 transire.
519 1029 631 1078 Quid
661 1030 775 1069 enim
804 1030 996 1078 interest,
1027 1044 1099 1069 oro
1130 1036 1185 1079 te,
1216 1031 1472 1080 Alexander,

75 1095 184 1135 leoni
214 1095 521 1145 Lysimachum
550 1096 710 1135 obicias
739 1109 794 1135 an
823 1097 912 1146 ipse
942 1097 1097 1136 laceres
1125 1097 1328 1137 dentibus
1358 1098 1473 1137 tuis?

74 1161 216 1201 Tuum
243 1161 347 1201 illud
373 1175 419 1201 os
443 1166 522 1210 est,
546 1166 622 1202 tua
647 1162 718 1201 illa
742 1163 905 1201 feritas.
967 1162 1002 1202 O
1031 1176 1162 1213 quam
1192 1176 1365 1213 cuperes
1394 1163 1472 1203 tibi

74 1227 219 1278 potius
238 1240 402 1278 ungues
421 1241 524 1275 esse,
547 1227 625 1267 tibi
647 1228 804 1267 rictum
824 1228 943 1267 illum
964 1229 1227 1268 edendorum
1249 1229 1473 1269 hominum

75 1295 299 1344 capacem!
360 1294 457 1333 Non
491 1294 702 1344 exigimus
736 1307 761 1333 a
796 1298 852 1341 te,
888 1299 936 1334 ut
971 1308 1125 1334 manus
1160 1295 1256 1343 ista,
1291 1296 1473 1335 exitium

75 1359 352 1399 familiarium
375 1360 674 1408 certissimum,
697 1360 771 1399 ulli
792 1360 993 1400 salutaris
1024 1361 1094 1409 sit,
1117 1366 1165 1400 ut
1197 1362 1277 1401 iste
1306 1363 1474 1402 animus

74 1426 209 1474 ferOX,
226 1425 470 1466 insatiabile
485 1426 679 1476 gentium
696 1426 872 1475 malum,
891 1427 997 1466 citra
1013 1428 1265 1477 sanguinem
1283 1429 1474 1468 caedem-

74 1505 157 1543 que
198 1492 401 1541 satietur,·
460 1492 686 1532 clementia
728 1493 814 1531 iam
856 1497 1051 1541 vocatur,
1095 1493 1149 1533 ad
1192 1494 1475 1534 occidendum

75 1559 262 1598 amicum
296 1571 390 1597 cum
425 1559 617 1598 carnifex
650 1559 762 1598 inter
795 1558 989 1598 homines
1023 1559 1205 1609 eligitur.
1268 1561 1360 1600 Hoc
1395 1566 1473 1609 est,

74 1637 206 1675 quare
232 1624 299 1664 vel
325 1624 515 1664 maxime
540 1624 833 1664 abominanda
859 1625 914 1664 sit
941 1625 1136 1673 saevitia,
1164 1627 1279 1676 quod
1306 1628 1474 1666 excedit

74 1690 179 1730 fines
218 1690 406 1741 primum
447 1690 609 1739 solitos,
649 1690 804 1730 deinde
844 1690 1070 1739 humanos,
1112 1705 1226 1731 nova
1266 1693 1475 1743 supplicia

76 1757 304 1808 conquirit,
337 1756 556 1806 ingenium
596 1757 798 1805 advocat,
831 1762 874 1796 ut
914 1757 1205 1797 instrumenta
1244 1760 1474 1809 excogitet,

74 1836 150 1873 per
191 1835 302 1873 quae
344 1823 538 1862 varietur
579 1827 711 1873 atque
753 1823 1017 1862 extendatur
1057 1823 1192 1872 dolor,
1235 1825 1476 1865 delectatur

75 1888 199 1928 malis
218 1888 443 1928 hominum
455 1902 464 1937 ;
501 1893 605 1928 tunc
625 1888 683 1927 illi
703 1889 821 1928 dirus
841 1889 972 1928 animi
993 1889 1168 1929 morbus
1189 1891 1242 1930 ad
1263 1891 1476 1930 insaniam

75 1955 271 2006 pervenit
293 1955 508 2003 ultimam,
533 1968 629 1994 cum
653 1955 883 1995 crudelitas
904 1969 1027 1995 versa
1049 1960 1113 1996 est
1136 1957 1179 1995 in
1202 1957 1475 2008 voluptatem

75 2026 119 2061 et
155 2021 242 2060 iam
279 2021 470 2061 occidere
506 2021 724 2061 hominem
761 2022 897 2061 iuvat.
958 2022 1130 2062 Matura
1168 2023 1298 2062 talem
1336 2025 1475 2063 virum

76 2101 101 2126 a
123 2091 243 2138 tergo
265 2087 461 2138 sequitur
482 2088 663 2136 aversio,
686 2088 799 2136 odia,
823 2101 1002 2136 venena,
1025 2089 1155 2138 gladii
1168 2103 1177 2137 ;
1215 2094 1307 2129 tam
1329 2091 1477 2130 multis

76 2153 276 2207 periculis
316 2153 494 2203 petitur,
537 2166 668 2204 quam
710 2154 946 2193 multorum
988 2155 1077 2205 ipse
1119 2156 1354 2205 periculum
1395 2161 1475 2205 est,

76 2220 346 2273 privatisque
381 2233 467 2258 non
503 2232 742 2270 numquam
779 2221 976 2269 consiliis,
1014 2221 1118 2261 alias
1155 2235 1253 2261 vero
1291 2228 1477 2262 conster-

76 2286 253 2328 natione
289 2285 463 2337 publiea
501 2286 848 2326 circumvenitur.
910 2287 1035 2328 Levis
1072 2288 1185 2329 enim
1223 2293 1265 2330 61
1303 2289 1476 2341 privata

1504 445 1523 473 to

1501 1574 1519 1602 [0

1503 2036 1523 2065 3
