1667 2524
280 119 348 153 AD
384 119 635 153 NERONEM
670 119 737 152 DE
770 118 1065 152 CLEMENTIA
1099 119 1194 153 LIB.
1230 120 1246 153 I
1409 115 1461 157 61

63 239 227 290 petitus
262 238 535 289 violatusque
570 242 634 278 est
646 251 656 287 ,·
708 251 808 286 nam
843 238 891 285 si,
929 251 1036 288 quos
1071 251 1194 289 pares
1229 238 1463 290 aliquando

63 305 230 354 habuit,
267 305 377 345 infra
413 318 456 345 se
492 305 625 353 videt,
662 305 766 344 satis
803 305 1048 344 vindicatus
1083 310 1161 344 est.
1222 305 1385 356 Regem
1420 310 1463 346 et

62 385 209 412 servus
249 372 404 411 occidit
443 375 486 411 et
526 384 698 422 serpens
737 375 780 410 et
819 371 979 421 sagitta
991 384 1000 420 ;
1056 372 1247 412 servavit
1288 373 1462 423 quidem

62 452 187 478 nemo
212 438 291 478 nisi
316 437 452 477 maior
475 451 539 486 eo,
566 451 694 489 quem
719 437 935 477 servabat.
999 438 1073 478 Uti
1099 438 1247 489 itaque
1272 439 1462 480 animose

61 504 190 545 debet
226 509 350 544 tanto
387 517 561 544 munere
597 505 775 544 deorum
811 505 943 544 dandi
981 506 1289 557 auferendique
1324 506 1462 546 vitam

61 576 227 622 potens.
289 571 340 610 In
372 572 422 611 iis
454 572 720 622 praesertim,
754 585 861 622 quos
894 571 973 612 scit
1006 571 1240 623 aliquando
1273 572 1352 612 sibi
1385 586 1463 624 par

60 638 281 689 fastigium
327 638 577 687 obtinuisse,
624 638 703 678 hoc
750 638 977 678 arbitrium
1024 639 1208 689 adeptus
1253 639 1461 679 ultionem

61 705 256 756 implevit
287 705 565 756 perfecitque,
599 710 814 756 quantum
846 718 971 745 verae
1007 719 1171 756 poenae
1207 706 1312 745 satis
1348 710 1462 753 erat;

61 772 248 822 perdidit
279 772 392 812 enim
424 772 576 820 vitam,
609 772 682 823 qui
713 772 857 820 debet,
889 777 946 820 et,
980 772 1174 823 quisquis
1203 785 1257 812 ex
1287 772 1376 812 alto
1407 772 1461 812 ad

62 838 221 878 inimici
255 839 383 889 pedes
417 838 610 878 abiectus
643 838 827 878 alienam
860 839 914 878 de
948 839 1089 889 capite
1122 852 1338 890 regnoque
1371 852 1463 878 sen-

61 906 244 945 tentiam
261 906 545 956 exspectavit,
567 906 609 944 in
627 905 859 945 servatoris
876 905 940 944 sui
957 905 1136 955 gloriam
1155 906 1264 945 vivit
1282 905 1463 956 plusque

60 971 151 1012 eius
178 972 339 1011 nomini
369 973 533 1012 confert
561 972 800 1019 incolumis,
829 985 961 1023 quam
989 972 1022 1011 si
1050 985 1103 1012 ex
1130 972 1263 1011 oculis
1291 972 1463 1012 ablatus

60 1042 184 1078 esset.
246 1038 486 1078 Adsiduum
515 1039 627 1078 enim
657 1038 952 1089 spectaculum
981 1038 1144 1078 alienae
1172 1038 1349 1078 virtutis
1376 1043 1462 1087 est;

61 1104 104 1143 in
147 1105 367 1156 triumpho
412 1105 496 1145 cito
540 1105 778 1145 transisset.
839 1105 881 1145 si
925 1118 1026 1145 vero
1070 1118 1247 1155 regnum
1291 1118 1463 1156 quoque
1494 1114 1512 1142 3

61 1184 187 1211 suum
215 1176 312 1211 tuto
340 1171 520 1222 relinqui
549 1172 665 1222 apud
694 1185 791 1211 eum
820 1172 965 1222 potuit
994 1172 1228 1223 reponique
1256 1185 1319 1220 eo,
1349 1171 1463 1211 unde

60 1237 294 1286 deciderat,
329 1238 490 1288 ingenti
525 1239 788 1278 incremento
823 1238 958 1289 surgit
994 1238 1085 1278 laus
1118 1239 1222 1286 eius,
1258 1239 1331 1290 qui
1366 1251 1463 1278 con-

62 1308 209 1344 tentus
241 1305 324 1344 fuit
357 1318 411 1344 ex
444 1318 538 1355 rege
573 1305 688 1344 victo
724 1305 827 1343 nihil
862 1309 1033 1355 praeter
1064 1305 1246 1356 gloriam
1280 1318 1460 1344 sumere.

63 1370 157 1410 Hoc
180 1375 244 1410 est
268 1371 400 1410 etiam
423 1384 476 1411 ex
500 1371 682 1410 victoria
705 1384 782 1410 sua
806 1371 1074 1422 triumphare
1099 1372 1335 1422 testarique
1360 1371 1462 1410 nihil

62 1450 119 1486 se,
160 1437 275 1488 quod
315 1438 493 1487 dignum
532 1442 643 1477 esset
683 1438 860 1486 victore,
901 1438 1016 1488 apud
1058 1438 1197 1477 victos
1236 1438 1461 1477 invenisse.

61 1503 169 1543 Cum
206 1504 371 1543 civibus
405 1509 448 1544 et
484 1504 641 1554 ignotis
676 1508 808 1555 atque
844 1503 1079 1544 humilibus
1113 1517 1162 1544 eo
1198 1504 1463 1544 moderatius
1493 1510 1511 1537 4

62 1571 277 1621 agendum
301 1571 379 1619 e'st,
406 1584 491 1621 quo
517 1571 693 1610 minoris
717 1575 781 1610 est
806 1571 1023 1611 adflixisse
1047 1584 1132 1610 eos.
1193 1570 1462 1619 Quibusdam

62 1636 245 1677 libenter
262 1650 427 1688 parcas,
451 1650 475 1676 a
497 1637 757 1689 quibusdam
780 1642 822 1676 te
845 1637 1063 1677 vindicare
1084 1637 1283 1677 fastidias
1311 1641 1355 1677 et
1377 1650 1462 1676 non

62 1703 186 1743 aliter
216 1716 347 1754 quain
378 1704 427 1742 ab
458 1703 717 1742 animalibus
747 1704 892 1754 parvis
923 1704 1293 1744 sedlobterentem
1324 1703 1462 1754 inqui-

63 1769 267 1809 nantibus
294 1770 536 1810 reducenda
567 1783 721 1809 manus
744 1774 830 1819 est;
870 1774 916 1810 at
940 1770 983 1809 in
1007 1771 1070 1818 iis,
1096 1770 1169 1821 qui
1195 1770 1237 1809 in
1261 1783 1332 1810 ore
1359 1770 1462 1809 civi-

63 1836 167 1876 tatis
195 1837 354 1876 servati
383 1836 611 1888 punitique
639 1841 779 1885 erunt,
802 1837 1024 1877 occasione
1053 1841 1182 1877 notae
1212 1836 1462 1876 clementiae

63 1903 275 1942 utendum
304 1907 382 1943 est.

120 1968 270 2009 XXII.
311 1969 597 2009 Transeamus
617 1970 671 2010 ad
693 1969 853 2010 alienas
872 1970 1062 2018 iniurias,
1084 1970 1126 2009 in
1147 1969 1304 2020 quibus
1324 1968 1462 2008 vindi·
1493 1974 1509 2002 1

65 2035 211 2076 candis
247 2035 351 2076 haec
389 2036 471 2075 tria
508 2036 576 2076 lex
611 2041 758 2076 secuta
794 2041 873 2085 est,
911 2050 1021 2087 quae
1058 2036 1254 2087 princeps
1290 2047 1462 2086 quoque

63 2102 182 2153 sequi
211 2102 361 2142 debet:
406 2107 482 2142 aut
512 2107 560 2143 ut
590 2116 702 2151 eum,
734 2116 862 2154 quem
893 2103 1033 2154 punit,
1064 2102 1277 2152 emendet,
1310 2106 1386 2142 aut
1417 2106 1462 2141 ut

64 2181 202 2219 poena
247 2169 336 2209 eius
383 2173 543 2209 ceteros
590 2169 783 2209 meliores
837 2170 1004 2218 reddat,
1052 2173 1128 2209 aut
1175 2172 1224 2209 ut
1278 2168 1461 2208 sublatis

65 2235 188 2275 malis
217 2236 447 2275 securiores
479 2236 606 2275 ceteri
637 2236 804 2276 vivant.
866 2236 987 2286 Ipsos
1016 2235 1183 2275 facilius
1212 2234 1462 2275 emendabis

65 2301 227 2341 minore
256 2315 415 2352 poena;
459 2302 707 2352 diligentius
735 2302 849 2342 enim
880 2302 1006 2350 vivit,
1031 2302 1096 2342 cui
1123 2301 1284 2352 aliquid
1307 2301 1461 2352 integri

1493 452 1511 480 [Ο
