1667 2524
319 141 388 175 AD
422 141 674 175 NERONEM
708 141 775 174 DE
809 141 1103 175 CLEMENTIA
1138 142 1234 175 LIB.
1270 142 1287 175 Ι
1451 140 1503 178 41

100 275 210 313 quae
255 260 411 300 reverti
456 260 510 300 ad
554 259 847 300 innocentiam
892 259 1040 310 possit.
1101 260 1183 300 Sed
1228 273 1314 299 non
1358 264 1505 300 tamen

100 328 226 378 volgo
261 326 477 378 ignoscere
513 326 658 375 decet;
711 339 812 365 nam
849 326 922 365 ubi
959 325 1187 366 discrimen
1222 326 1336 367 inter
1372 327 1505 367 malos

100 395 320 445 bonosque
361 393 583 433 sublatum
623 397 703 440 est,
745 392 939 433 confusio
980 392 1176 443 sequitur
1214 397 1257 433 et
1299 393 1504 433 vitiorum

100 460 289 511 eruptio;
332 460 480 510 itaque
508 458 755 499 adhibenda
784 458 1023 499 moderatio
1049 464 1128 507 est,
1158 472 1267 511 quae
1295 460 1505 499 sanabilia

98 526 269 578 ingenia
298 526 561 576 distinguere
593 539 617 565 a
647 525 882 576 deploratis
913 524 1034 565 sciat.
1096 526 1183 565 Nec
1215 525 1504 576 promiscuam

100 594 255 634 habere
291 605 340 632 ac
374 592 594 643 volgarem
628 591 903 632 clementiam
943 595 1115 643 oportet
1156 605 1231 632 nec
1273 591 1483 632 abscisam
1496 606 1505 641 ;

99 673 199 700 nam
251 664 344 699 tam
397 659 597 698 omnibus
648 658 865 708 ignoscere
918 658 1149 698 crudelitas
1202 671 1332 709 quam
1386 658 1501 699 nulli.

67 726 276 781 ‘Modum
306 730 453 766 tenere
485 725 712 773 debemus;
751 724 825 765 sed
861 723 961 776 quia
992 723 1159 765 difficile
1192 729 1255 766 est
1292 730 1505 776 tempera-

100 798 309 841 mentum,
347 791 559 844 quidquid
597 804 734 844 aequo
772 791 867 842 plus
904 791 1100 831 futurum
1137 796 1216 840 est,
1254 791 1297 831 in
1334 797 1503 842 partem

98 859 395 899 humaniorem
425 859 753 909 praeponderet.

154 926 236 965 III.
279 925 361 966 Sed
389 924 492 966 haec
520 938 598 964 suo
626 924 775 965 melius
803 924 895 964 loco
922 924 1132 964 dicentur.
1195 925 1318 965 Nunc
1347 924 1390 964 in
1417 930 1503 966 tres

98 997 242 1043 partes
302 1005 473 1032 omnem
523 990 633 1031 hanc
684 991 910 1031 materiam
964 990 1171 1031 dividam.
1234 991 1378 1031 Prima
1422 992 1501 1032 erit

99 1058 442 1098 mansuetudinis
490 1057 557 1098 vel
609 1071 771 1108 poenae
821 1057 1078 1098 remissionis
1091 1070 1101 1106 ,·
1152 1058 1354 1106 secunda,
1394 1071 1503 1111 quae

98 1130 299 1165 naturam
332 1123 583 1165 clementiae
616 1123 900 1176 habitumque
932 1125 1222 1164 demonstret:
1272 1137 1373 1164 nam
1405 1138 1502 1165 cum

97 1191 181 1231 sint
235 1190 343 1231 vitia
394 1191 609 1241 quaedam
662 1190 846 1230 virtutes
898 1190 1130 1239 imitantia,
1184 1205 1270 1231 non
1322 1196 1501 1242 possunt

97 1257 271 1306 secerni,
295 1256 375 1297 nisi
397 1256 532 1307 signa,
555 1256 712 1308 quibus
733 1256 1027 1305 dinoscantur,
1050 1257 1332 1308 impresseris;
1373 1259 1502 1299 tertio

98 1324 189 1364 loco
220 1336 489 1375 quaeremus,
522 1323 740 1374 quomodo
772 1324 825 1364 ad
858 1323 967 1364 hanc
999 1324 1208 1365 virtutem
1240 1324 1504 1376 perducatur

97 1390 280 1438 animus,
308 1389 524 1442 quomodo
550 1390 773 1430 confirmet
799 1403 894 1430 eam
919 1396 962 1430 et
988 1404 1068 1431 usu
1094 1404 1217 1431 suam
1244 1392 1389 1432 faciat.

155 1456 328 1496 Nullam
351 1469 404 1496 ex
428 1455 628 1496 omnibus
652 1456 888 1496 virtutibus
912 1457 1075 1497 homini
1101 1458 1234 1510 magis
1259 1458 1501 1507 convenire,

98 1537 195 1564 cum
227 1523 282 1563 sit
316 1522 433 1562 nulla
466 1522 708 1571 humanior,
742 1527 910 1564 constet
944 1537 1113 1565 necesse
1146 1530 1209 1565 est
1244 1539 1330 1565 non
1364 1526 1502 1566 solum

97 1590 210 1630 inter
246 1602 339 1638 nos,
376 1589 449 1640 qui
487 1588 705 1629 hominem
743 1589 897 1630 sociale
936 1591 1094 1631 animal
1134 1592 1351 1632 communi
1389 1593 1503 1632 bono

97 1656 290 1707 genitum
322 1655 457 1696 videri
490 1655 703 1705 volumus,
733 1657 806 1697 sed
835 1656 967 1697 etiam
997 1657 1110 1698 inter
1136 1658 1243 1707 illos,
1266 1659 1339 1710 qui
1368 1659 1505 1698 homi-

97 1736 195 1763 nem
228 1721 444 1773 voluptati
474 1722 655 1771 donant,
678 1736 861 1774 quorum
894 1724 1038 1764 omnia
1068 1724 1186 1765 dicta
1217 1725 1419 1777 factaque
1448 1726 1502 1766 ad

97 1789 309 1829 utilitates
336 1801 435 1829 suas
463 1792 684 1840 spectant;
729 1803 830 1830 nam
858 1789 892 1830 si
921 1790 1110 1842 quietem
1139 1792 1249 1842 petit
1277 1796 1320 1833 et
1350 1792 1501 1841 otium,

98 1855 207 1896 hanc
246 1855 456 1895 virtutem
495 1860 677 1896 naturae
716 1869 817 1897 suae
857 1862 1042 1897 nanctus
1081 1862 1162 1906 est,
1203 1871 1313 1909 quae
1352 1872 1502 1909 pacem

98 1926 216 1962 amat
258 1926 300 1962 et
343 1935 497 1962 manus
540 1922 709 1963 retinet.
772 1923 949 1962 Nullum
992 1928 1139 1964 tamen
1181 1925 1409 1965 clementia
1449 1939 1502 1965 ex

98 1988 297 2028 omnibus
334 1988 468 2039 magis
504 2002 636 2040 quam
673 2002 813 2040 regem
850 1994 925 2029 aut
962 1990 1198 2041 principem
1234 1991 1371 2031 decet.
1432 1992 1503 2031 Ita

97 2055 211 2095 enim
235 2068 415 2106 magnae
438 2055 549 2095 vires
572 2055 713 2096 decori
737 2056 980 2108 gloriaeque
1003 2062 1119 2105 sunt,
1143 2057 1177 2097 si
1200 2057 1280 2097 illis
1303 2057 1503 2098 salutaris

98 2121 294 2172 potentia
320 2126 406 2170 est;
452 2135 553 2161 nam
580 2122 784 2172 pestifera
811 2122 875 2163 vis
902 2128 966 2163 est
995 2124 1135 2164 valere
1163 2124 1217 2164 ad
1245 2125 1500 2164 nocendum.

98 2188 216 2228 Illius
251 2188 426 2228 demum
463 2188 717 2239 magnitudo
752 2189 918 2229 stabilis
954 2189 1224 2242 fundataque
1258 2195 1338 2240 est,
1375 2204 1502 2242 quem

99 2268 244 2294 omnes
266 2258 358 2294 tam
382 2267 511 2305 supra
533 2268 576 2295 se
598 2268 688 2295 esse
711 2269 845 2307 quam
868 2269 946 2307 pro
968 2269 1010 2296 se
1033 2256 1189 2305 sciunt,
1213 2257 1333 2297 cuius
1356 2271 1502 2298 curam

97 2321 310 2361 excubare
366 2334 443 2371 pro
498 2321 638 2361 salute
694 2321 958 2372 singulorum
1016 2328 1147 2374 atque
1204 2323 1502 2364 universorum
