1667 2524
142 126 197 168 26
581 129 621 162 L.
657 128 852 162 ANNAEI
885 129 1114 166 SENECAE

94 264 113 293 3
142 246 223 289 Sed
261 249 417 290 Clotho
446 254 546 301 ‘ego
584 250 865 291 mehercules’
897 251 1038 303 inquit
1077 253 1300 303 ‘pusillum
1338 253 1544 304 temporis

142 315 306 356 adicere
340 316 399 355 illi
434 317 646 365 volebam,
683 317 787 357 dum
824 317 899 358 hos
934 319 1154 368 pauculos,
1191 319 1264 370 qui
1298 324 1543 370 supersunt,

141 381 318 422 civitate
334 383 537 431 donaret,·
571 383 855 424 constituerat
872 384 986 424 enim
1004 398 1151 425 omnes
1169 386 1366 433 Graecos,
1385 386 1546 434 Gallos,

142 448 372 499 Hispanos,
402 442 634 489 Britannos
661 440 1026 501 togatos-uidere,
1069 442 1141 492 sed
1170 452 1375 503 quoniam
1403 440 1659 503 11111001ΤΝ

141 514 306 566 aliquos
336 515 578 566 peregrinos
600 516 643 555 in
664 529 808 556 semen
830 517 1011 568 relinqui
1041 523 1084 558 et
1116 523 1165 558 tu
1195 518 1257 558 ita
1288 518 1408 559 iubes
1439 519 1542 567 fieri,

28 611 34 614 -
92 594 111 622 4
140 581 245 621 fiat.⁷
306 581 455 632 Aperit
487 586 581 622 tum
614 583 834 633 capsulam
864 588 906 623 et
938 588 1024 624 tres
1055 584 1172 624 111505
1203 585 1387 635 profert:
1435 598 1544 625 unus

139 652 230 687 erat
255 648 478 698 Augurini,
505 648 613 688 alter
637 649 797 697 Babae,
822 649 977 689 tertius
1002 650 1181 690 Claudii.
1243 651 1377 691 ‘Hos’
1403 651 1544 702 inquit

140 715 246 754 ‘tres
272 727 358 754 uno
385 728 498 754 anno
524 715 687 765 exiguis
714 715 951 756 intervallis
978 721 1224 767 temporum
1251 717 1411 757 divisos
1438 717 1545 756 mori

138 780 309 829 iubebo,
344 794 419 821 nec
452 781 571 820 illum
605 781 910 822 incomitatum
943 782 1178 823 dimittam.
1242 784 1339 823 Non
1373 788 1544 834 oportet

138 847 252 887 enim
288 860 401 895 eum,
440 847 511 899 qui
551 849 679 888 modo
716 862 759 888 se
796 853 864 888 tot
904 849 1019 888 milia
1057 849 1280 889 hominum
1318 850 1546 901 sequentia

138 913 329 962 videbat,
364 918 431 954 tot
466 915 782 964 praecedentia,
818 919 885 955 101
921 915 1195 964 circumfusa,
1231 916 1377 956 subito
1404 916 1542 955 solum

138 980 329 1020 destitui.
391 981 631 1021 Contentus
664 981 743 1021 erit
778 981 842 1021 his
875 981 1048 1022 interim
1083 982 1431 1023 convictoribus)

90 1127 107 1157 1
194 1113 268 1153 IV.
324 1113 442 1154 Haec
465 1114 524 1154 ait
547 1118 589 1154 01
612 1114 729 1165 turpi
752 1115 1013 1155 convolvens
1035 1116 1223 1155 stamina
1244 1115 1341 1156 11150

323 1179 496 1230 abrupit
519 1180 701 1221 stolidae
724 1181 881 1231 regalia
903 1186 1101 1232 tempora
1123 1182 1252 1222 vitae.

322 1246 380 1286 At
404 1246 601 1286 Lachesis
624 1247 824 1287 redimita
847 1261 1004 1296 comas,
1029 1252 1183 1288 ornata
1205 1248 1395 1299 capillos,

323 1312 461 1353 Pieria
482 1313 641 1353 crinem
664 1313 783 1353 lauro
806 1313 1080 1365 frontemque
1104 1327 1313 1354 coronans

323 1379 506 1419 candida
527 1380 579 1419 de
602 1379 727 1419 niveo
750 1380 998 1420 subtemina
1021 1381 1175 1421 vellere
1198 1381 1330 1421 sumit

321 1445 432 1485 felici
455 1446 718 1486 moderanda
741 1459 886 1494 manu,
910 1460 1020 1497 quae
1042 1447 1176 1487 ducta
1198 1447 1382 1487 colorem

321 1511 596 1562 adsumpsere
618 1525 793 1552 novum.
856 1513 1069 1552 Mirantur
1090 1527 1223 1564 pensa
1244 1526 1430 1554 sorores:

323 1582 519 1618 mutatur
539 1578 633 1618 vilis
656 1579 843 1629 pretioso
866 1579 965 1619 lana
989 1579 1177 1628 metallo,

322 1658 450 1685 aurea
471 1645 658 1685 formoso
680 1646 946 1686 descendunt
970 1646 1140 1686 saecula
1162 1646 1245 1686 filo.

261 1726 293 1751 10
322 1711 408 1751 Nec
432 1712 584 1752 modus
606 1716 670 1751 est
692 1711 787 1760 illis,
811 1712 950 1752 felicia
971 1712 1129 1752 vellera
1149 1713 1315 1753 ducunt

318 1782 362 1817 et
383 1778 572 1828 gaudent
594 1778 769 1828 implere
793 1791 959 1826 manus,
982 1783 1082 1818 sunt
1106 1778 1249 1819 dulcia
1271 1792 1421 1829 pensa.

320 1843 482 1894 Sponte
503 1857 580 1884 sua
601 1844 777 1885 festinat
801 1857 908 1895 opus
930 1845 1133 1896 nulloque
1155 1845 1299 1885 labore

319 1910 463 1950 mollia
485 1915 682 1951 contorto
703 1912 969 1951 descendunt
991 1911 1179 1951 stamina
1201 1911 1308 1951 11150.

320 1977 508 2017 Vincunt
542 1977 729 2026 Tithoni,
763 1978 943 2018 vincunt
976 1982 1019 2018 et
1055 1978 1246 2018 Nestoris
1280 1991 1427 2018 annos.

320 2043 518 2084 Phoebus
549 2044 669 2084 adest
700 2048 917 2095 cantuque
947 2044 1069 2084 iuvat
1100 2045 1346 2095 gaudetque
1383 2044 1540 2084 futuris

318 2114 361 2150 et
378 2109 515 2150 laetus
531 2123 643 2150 1111110
660 2110 822 2161 plectra
839 2115 998 2159 movet,
1017 2115 1128 2151 1111110
1146 2124 1278 2161 pensa
1295 2110 1526 2151 ministrat.

320 2176 495 2216 Detinet
517 2176 707 2216 intentas
729 2181 860 2217 cantu
882 2177 1078 2228 fallitque
1100 2177 1303 2217 laborem.

320 2242 520 2293 Dumque
573 2243 697 2283 nimis
750 2243 960 2283 citharam
1023 2243 1298 2295 fraternaque
1351 2243 1541 2284 carmina

429 2304 623 2357 laudant,
