1667 2524
109 127 164 171 40
544 129 584 164 L.
620 130 813 164 ANNAEI
847 130 1074 164 SENECAE

62 257 78 287 7
110 256 194 301 tur,
225 256 418 303 tempore
448 252 540 302 ipso
570 252 613 290 in
643 251 782 291 maius
811 251 1046 302 meliusque
1077 251 1328 301 procedunt.
1393 251 1509 303 Mag-

110 332 210 358 nam
231 318 381 359 adibat
403 318 541 358 aleam
563 317 747 368 populus
769 317 1006 365 Romanus,
1030 330 1126 357 cum
1148 318 1361 357 incertum
1383 324 1509 368 esset,

110 395 194 433 quo
225 396 268 422 se
298 382 381 422 ista
412 386 488 422 tua
520 381 672 421 nobilis
703 380 865 420 indoles
894 381 1038 429 daret;
1085 382 1170 420 iam
1202 386 1306 422 vota
1337 382 1510 432 publica

108 449 151 487 in
183 453 280 489 tuto
311 453 433 496 sunt;
481 461 557 487 nec
587 447 701 487 enim
733 446 969 497 periculum
1000 452 1079 495 est,
1112 461 1163 487 ne
1196 453 1238 487 te
1269 448 1414 488 subita
1446 451 1509 490 tui

110 515 252 565 capiat
280 514 453 554 oblivio.
515 514 637 553 Facit
665 513 840 564 quidem
867 513 1018 553 avidos
1046 514 1178 553 nimia
1206 515 1403 565 felicitas,
1433 530 1509 556 nec

109 586 200 621 tam
223 584 489 632 temperatae
514 580 773 630 cupiditates
796 584 897 619 sunt
920 592 1144 630 umquam,
1168 586 1217 620 ut
1240 582 1283 620 in
1305 595 1369 631 eo,
1393 584 1508 634 quod

110 648 303 698 contigit,
340 647 541 687 desinant
553 660 562 695 ;
615 646 772 697 gradus
809 659 833 685 a
870 646 1037 696 magnis
1074 647 1128 686 ad
1166 648 1329 688 maiora
1366 649 1430 699 fit,
1465 655 1509 690 et

108 728 203 765 spes
253 714 592 765 improbissimas
645 712 976 763 conplectuntur
1027 713 1244 764 insperata
1295 716 1508 766 adsecuti;

108 781 307 821 omnibus
340 786 487 821 tamen
520 793 633 820 nuno
668 780 834 820 civibus
868 780 953 820 tuis
986 785 1029 820 et
1062 780 1165 821 haec
1200 783 1407 823 confessio
1439 797 1510 824 ex-

108 848 310 900 primitur
339 861 428 888 esse
458 847 600 887 felices
630 852 673 887 et
705 847 775 886 illa
808 846 911 886 nihil
944 847 1029 886 iam
1061 847 1126 887 his
1157 849 1356 890 accedere
1387 849 1510 890 bonis

59 917 78 947 8
109 929 245 967 posse,
273 915 352 954 nisi
378 919 427 954 ut
454 918 662 965 perpetua
688 914 788 953 sint.
851 913 988 953 Multa
1015 914 1107 953 illos
1134 920 1292 965 cogunt
1318 917 1372 956 ad
1400 916 1509 957 hanc

110 982 433 1029 confessionem,
458 994 544 1033 qua
570 981 686 1020 nulla
717 981 759 1020 in
789 980 961 1020 homine
986 981 1150 1020 tardior
1179 986 1265 1021 est:
1304 984 1510 1024 securitas

109 1049 211 1097 alta,
244 1048 451 1096 adfluens,
484 1048 548 1087 ius
580 1061 709 1098 supra
742 1060 913 1087 omnem
946 1047 1145 1087 iniuriam
1177 1049 1388 1099 positum,
1437 1050 1510 1090 ob-

109 1120 307 1156 versatur
329 1115 461 1155 oculis
486 1115 720 1155 laetissima
744 1116 883 1155 forma
908 1115 965 1155 rei
990 1114 1201 1166 publicae,
1227 1116 1293 1155 cui
1317 1117 1371 1156 ad
1396 1130 1510 1156 sum-

60 1186 79 1215 9
108 1196 225 1222 mam
251 1182 496 1222 libertatem
523 1182 626 1221 nihil
652 1182 772 1222 deest
799 1182 879 1221 nisi
904 1181 1110 1232 pereundi
1138 1181 1323 1222 licentia.
1384 1183 1511 1223 Prae-

110 1249 231 1300 cipue
260 1253 407 1289 tamen
436 1249 627 1300 aequalis
655 1249 709 1288 ad
740 1248 952 1287 maximos
981 1248 1175 1299 imosque
1204 1249 1402 1299 pervenit
1432 1249 1511 1290 cle-

108 1316 296 1356 mentiae
325 1320 426 1356 tuae
455 1316 707 1364 admiratio,
755 1319 894 1355 cetera
923 1315 1036 1354 enim
1066 1314 1180 1354 bona
1208 1328 1285 1366 pro
1313 1316 1511 1366 portione

109 1384 309 1424 fortunae
331 1396 432 1423 suae
455 1383 637 1434 quisque
654 1383 786 1423 sentit
801 1386 877 1422 aut
899 1385 1124 1432 exspectat
1146 1382 1310 1422 maiora
1326 1383 1511 1422 minora-

110 1463 206 1501 que,
229 1464 282 1490 ex
305 1450 530 1490 clementia
553 1463 701 1489 omnes
722 1449 836 1489 idem
854 1452 1029 1499 sperant
1041 1461 1051 1497 ;
1090 1461 1166 1489 nec
1183 1452 1247 1488 est
1265 1449 1509 1500 quisquam,

111 1517 176 1556 cui
199 1521 289 1556 tam
312 1516 437 1556 valde
459 1517 705 1556 innocentia
727 1529 804 1555 sua
826 1515 1009 1566 placeat,
1032 1518 1081 1554 ut
1104 1528 1190 1554 non
1212 1520 1326 1555 stare
1348 1516 1391 1555 in
1414 1529 1512 1556 con-

110 1588 260 1634 speetu
293 1583 564 1623 clementiam
597 1587 796 1633 paratam
829 1581 1030 1621 humanis
1061 1581 1276 1621 erroribus
1307 1583 1510 1632 gaudeat.

62 1653 79 1681 1
165 1651 223 1691 Π.
266 1651 369 1691 Esse
401 1656 547 1691 autem
580 1651 745 1702 aliquos
777 1650 877 1699 scio,
911 1648 984 1700 qui
1018 1648 1245 1689 clementia
1278 1649 1511 1700 pessimum

109 1730 323 1768 quemque
370 1722 524 1768 putent
572 1716 784 1762 sustineri,
834 1715 1038 1767 quoniam
1085 1715 1166 1755 nisi
1213 1720 1310 1765 post
1352 1715 1511 1756 crimen

109 1797 376 1835 supervacua
398 1789 461 1824 est
485 1788 527 1824 et
551 1784 640 1824 sola
662 1784 765 1824 haec
790 1783 928 1823 virtus
951 1782 1064 1822 inter
1086 1782 1335 1822 innocentes
1359 1786 1509 1822 cessat.

110 1851 192 1891 Sed
221 1851 407 1902 primum
436 1850 642 1899 omnium,
671 1851 780 1890 sicut
811 1849 1046 1890 medicinae
1076 1849 1190 1899 apud
1220 1861 1368 1899 aegros
1395 1861 1511 1897 usus,

109 1917 241 1958 etiam
280 1918 394 1968 apud
433 1917 733 1974 sanoswhonor
768 1921 847 1965 est,
883 1916 946 1956 ita
985 1915 1272 1964 clementiam,
1312 1915 1513 1966 quamvis

110 1998 248 2035 poena
280 1984 396 2035 digni
428 1984 644 2032 invocent,
677 1983 809 2024 etiam
841 1983 1091 2023 innocentes
1125 1982 1284 2022 colunt.
1347 1981 1512 2022 Deinde

110 2051 240 2091 habet
274 2051 377 2091 haec
409 2050 452 2089 in
483 2064 665 2101 persona
696 2063 868 2101 quoque
898 2049 1195 2089 innocentium
1228 2048 1385 2098 locum,
1411 2048 1514 2100 quia

111 2117 282 2157 interim
315 2118 490 2157 fortuna
524 2130 600 2168 pro
633 2117 758 2167 culpa
790 2120 876 2165 est;
917 2129 992 2156 nec
1029 2115 1301 2156 innocentiae
1337 2119 1513 2156 tantum

112 2183 338 2224 clementia
371 2183 594 2231 succurrit,
629 2183 701 2223 sed
736 2196 862 2233 saepe
896 2181 1063 2230 virtuti,
1098 2182 1304 2233 quoniam
1339 2182 1513 2233 quidem

112 2249 360 2291 condicione
401 2255 646 2300 temporum
687 2249 882 2289 incidunt
925 2248 1156 2299 quaedam,
1201 2262 1311 2300 quae
1348 2248 1513 2299 possint

64 2321 83 2349 2
113 2315 291 2356 laudata
322 2315 475 2366 puniri,
538 2315 682 2364 Adice,
715 2315 830 2366 quod
863 2328 1019 2365 magna
1051 2328 1148 2365 pars
1179 2314 1403 2355 hominum
1434 2314 1515 2364 est,
