1667 2524
70 324 89 352 3

80 1721 99 1749 ΚΟ

116 121 172 164 46
558 124 598 158 L.
634 125 830 158 ANNAEI
863 126 1092 160 SENECAE

119 245 201 285 alia
223 245 352 286 facies
372 250 436 286 est
459 245 593 297 quieti
626 245 869 296 moratique
894 245 1061 296 imperii
1091 258 1222 297 quam
1251 246 1387 286 sereni
1419 246 1524 286 caeli

117 317 160 352 et
197 312 388 352 nitentis.
450 312 628 352 Crudele
666 325 843 361 regnum
879 312 1103 352 turbidum
1139 312 1414 364 tenebrisque
1451 314 1525 353 ob-

118 392 291 419 scurum
329 384 408 427 est,
442 379 555 418 inter
591 383 827 418 trementes
859 383 902 418 et
936 379 989 418 ad
1025 379 1299 429 repentinum
1335 380 1525 419 sonitum

118 450 454 496 expavescentes
490 458 542 485 ne
577 458 627 484 eo
664 445 853 495 quidem,
890 445 963 495 qui
1001 445 1145 484 omnia
1181 446 1424 495 perturbat,
1463 446 1525 485 in-

119 525 337 552 concusso
400 511 584 551 Facilius
635 511 816 561 privatis
867 511 1104 561 ignoscitur
1154 512 1434 562 pertinaciter
1483 526 1525 551 se

119 578 462 627 vindicantibus3
514 582 695 628 possunt
731 577 845 617 enim
882 577 1006 626 laedi,
1043 577 1250 629 dolorque
1286 592 1434 618 eorum
1471 579 1525 618 ab

119 644 274 684 iniuria
318 644 460 693 venit;
521 644 677 684 timent
724 648 946 694 praeterea
991 648 1306 695 contemptum,
1352 650 1394 685 et
1440 658 1526 684 non

120 711 334 751 rettulisse
381 711 653 751 laedentibus
699 711 884 761 gratiam
932 710 1160 750 infirmitas
1206 711 1392 760 videtur,
1441 725 1527 750 non

121 778 368 827 clementia3
413 782 457 818 at
487 777 554 817 cui
582 777 690 817 ultio
718 777 762 816 in
789 777 903 817 facili
931 782 1010 825 est,
1040 777 1074 816 is
1103 777 1259 817 omissa
1286 791 1336 818 ea
1364 782 1526 818 certam

121 844 292 884 laudem
324 844 670 885 mansuetudinis
702 844 992 895 consequitur.
1055 844 1220 884 Humili
1252 845 1344 884 loeo
1376 845 1527 895 positis

121 925 314 951 exercere
343 924 535 959 manum,
564 911 744 960 litigare,
774 911 817 949 in
846 911 983 950 rixam
1013 924 1258 961 procurrere
1288 925 1335 951 ae
1366 924 1527 951 morem

121 977 207 1018 irae
232 991 333 1018 suae
358 991 499 1028 gerere
525 977 697 1017 liberius
722 982 807 1026 est;
849 977 963 1017 leves
988 977 1100 1017 inter
1124 977 1244 1034 paria
1268 977 1379 1017 ictus
1405 982 1527 1027 sunt3

123 1044 207 1094 regi
238 1044 490 1084 vociferatio
521 1057 694 1095 quoque
725 1043 1042 1096 verborumque
1073 1043 1411 1094 intemperantia
1441 1057 1528 1083 non

122 1124 175 1151 ex
201 1110 427 1150 maiestate
452 1114 530 1151 est.

179 1177 302 1216 VIII.
345 1177 486 1217 Grave
525 1181 655 1227 putas
692 1176 797 1227 eripi
836 1176 1039 1228 loquendi
1079 1176 1305 1216 arbitrium
1345 1177 1528 1227 regibus,

124 1244 240 1295 quod
290 1243 517 1283 humillimi
567 1243 743 1283 habent.
805 1243 947 1282 ‘Ista'
996 1243 1139 1293 inquis
1191 1243 1400 1283 ‘servitus
1449 1247 1528 1292 est,

124 1323 210 1349 non
254 1310 510 1360 impe1·ium.’
572 1310 716 1359 Quid?
775 1310 840 1349 Tu
873 1323 959 1348 non
997 1309 1201 1359 experiris
1245 1309 1361 1349 istud
1407 1309 1530 1349 nobis

123 1391 227 1426 esse,
263 1377 343 1416 tibi
378 1377 664 1417 servitutem?
723 1376 819 1415 Alia
854 1376 1047 1416 condicio
1081 1380 1145 1415 est
1180 1389 1342 1424 eorum,
1380 1376 1452 1427 qui
1487 1376 1530 1415 in

125 1443 268 1491 turba,
302 1456 434 1494 quam
467 1457 553 1482 non
586 1443 816 1490 excedunt,
851 1443 1003 1490 latent,
1038 1455 1221 1492 quorum
1254 1446 1298 1482 et
1331 1442 1530 1491 virtutes,

125 1514 174 1549 ut
214 1514 466 1560 appareant,
506 1509 580 1549 diu
619 1509 843 1549 luctantur
879 1513 921 1548 et
962 1508 1069 1547 vitia
1107 1508 1308 1547 tenebras
1348 1507 1510 1548 habent
1523 1521 1533 1557 ;

126 1581 271 1616 vestra
298 1576 415 1615 faeta
441 1576 644 1626 dictaque
674 1588 819 1614 rumor
844 1574 1018 1624 excipit,
1047 1579 1088 1614 et
1118 1574 1213 1614 ideo
1243 1574 1369 1613 nullis
1398 1574 1532 1621 magis

128 1643 365 1683 curandum
401 1647 479 1690 est,
510 1642 681 1693 qualem
713 1641 875 1680 famam
908 1641 1111 1689 habeant,
1144 1653 1274 1692 quam
1310 1640 1397 1691 qui,
1429 1653 1533 1691 qua-

128 1709 398 1759 lemcumque
446 1708 692 1756 meruerint,
726 1720 927 1757 magnam
977 1707 1167 1746 habituri
1215 1711 1330 1746 sunt.
1393 1707 1533 1755 Quam

130 1776 267 1815 multa
302 1775 381 1815 tibi
417 1788 503 1814 non
539 1775 681 1823 licent,
719 1787 829 1825 quae
865 1773 988 1813 nobis
1025 1773 1231 1813 beneficio
1267 1777 1344 1813 tuo
1381 1773 1534 1813 licent!

130 1843 309 1881 Possum
336 1842 378 1880 in
401 1841 592 1892 qualibet
620 1845 742 1891 parte
763 1840 880 1880 urbis
902 1840 1015 1880 solus
1038 1840 1232 1880 incedere
1255 1840 1344 1879 sine
1366 1839 1534 1886 timore,

130 1908 329 1960 quamvis
362 1908 503 1947 nullus
536 1912 744 1959 sequatur
775 1920 930 1956 eomes,
965 1907 1106 1946 nullus
1140 1906 1193 1946 sit
1228 1905 1359 1954 domi,
1394 1905 1535 1944 nullus

131 1976 185 2015 ad
213 1975 326 2015 latus
352 1975 539 2025 gladius;
581 1974 660 2014 tibi
688 1975 731 2013 in
758 1979 835 2014 tua
862 1987 966 2024 paee
994 1977 1163 2013 armato
1191 1972 1428 2012 vivendum
1455 1976 1533 2011 est.

132 2043 340 2082 Aberrare
373 2056 397 2081 a
431 2041 605 2081 fortuna
639 2046 715 2081 tua
749 2054 834 2080 non
868 2045 1011 2091 potes;
1061 2039 1229 2079 obsidet
1263 2043 1306 2079 te
1339 2043 1397 2087 et,
1432 2051 1537 2089 quo-

134 2122 316 2158 cumque
355 2109 590 2153 descendis,
621 2121 776 2157 magno
807 2112 1020 2158 apparatu
1052 2106 1258 2157 sequitur.
1322 2105 1400 2144 Est
1432 2104 1535 2144 haec

133 2188 326 2214 summae
359 2174 667 2223 magnitudinis
698 2174 882 2213 servitus
914 2187 999 2212 non
1031 2186 1153 2223 posse
1185 2171 1273 2212 fieri
1307 2171 1536 2219 minorem;

134 2242 205 2281 sed
231 2254 326 2280 eum
350 2241 414 2280 (lis
437 2241 514 2280 tibi
540 2240 778 2279 eommunis
802 2240 893 2289 ipsa
916 2239 1146 2278 necessitas
1168 2243 1245 2278 est.
1310 2238 1421 2277 Nam
1446 2237 1537 2276 illos

133 2321 305 2359 quoquo
331 2307 494 2346 eaelum
521 2307 731 2355 adli-satos
757 2310 889 2353 tenet,
916 2319 990 2345 nee
1018 2305 1151 2355 magis
1177 2305 1256 2344 illis
1281 2304 1536 2344 descendere
