1667 2524
116 133 142 174 8
551 129 591 162 L.
626 129 820 163 ANNAEI
856 129 1082 163 SENECAE

118 256 262 296 omnia
292 255 435 303 licent,
466 259 642 305 propter
670 252 749 291 hoc
779 253 919 303 ipsum
949 250 1086 290 multa
1116 263 1202 289 non
1232 249 1381 289 licent:
1426 262 1515 288 om-

118 323 237 362 nium
266 334 439 361 somnos
467 320 578 359 illius
606 319 751 369 vigilia
779 318 986 365 defendit,
1017 317 1209 356 omnium
1238 316 1375 355 otium
1405 315 1516 354 illius

118 389 251 436 labor,
268 388 461 427 omnium
476 386 649 426 delicias
664 385 775 424 illius
790 384 1015 431 industria,
1032 383 1224 422 omnium
1242 382 1515 421 vacationem

117 455 227 494 illius
243 453 483 503 occupatio.
546 452 612 490 Ex
627 464 712 502 quo
728 464 770 490 se
785 450 939 490 Caesar
954 449 1043 488 orbi
1061 454 1271 489 terrarum
1281 447 1515 495 dedicavit,

117 520 197 560 sibi
218 520 390 570 eripuit,
411 524 453 558 et
475 518 662 557 siderum
684 517 826 564 modo,
848 529 958 566 quae
978 515 1218 565 inrequieta
1238 527 1405 564 semper
1426 526 1516 552 cur-

118 599 189 626 sus
211 599 309 625 suos
330 584 563 635 explicant,
587 596 825 633 numquam
848 582 905 620 illi
929 581 1025 621 licet
1048 581 1277 620 subsistere
1300 593 1375 619 nec
1400 580 1516 630 quic-

119 666 250 703 quam
290 664 415 691 suum
455 651 607 690 facere.
668 649 734 689 Ad
775 648 992 699 quendam
1032 648 1179 697 itaque
1219 646 1397 686 modum
1437 645 1516 685 tibi

119 731 291 770 quoque
327 718 478 757 eadem
515 716 746 756 necessitas
781 715 1038 764 iniungitur:
1091 726 1176 752 non
1213 712 1310 752 licet
1347 712 1426 752 tibi
1463 712 1517 752 ad

119 785 332 825 utilitates
365 788 476 831 tuas,
509 783 563 822 ad
597 782 741 822 studia
774 786 850 821 tua
882 781 1100 831 respicere.
1160 779 1339 819 Caesare
1371 778 1517 818 orbem

120 857 330 891 terrarum
356 850 602 901 possidente
627 848 845 899 impertire
870 852 912 887 te
938 860 1013 886 nec
1040 846 1255 897 voluptati
1281 858 1357 885 nec
1381 844 1517 885 dolori

120 931 195 958 nec
213 917 286 957 ulli
305 917 374 956 alii
394 917 450 956 rei
469 922 613 967 potes:
646 920 789 955 totum
808 919 850 954 te
867 913 1035 954 Caesari
1053 912 1195 953 debes.
1256 912 1388 951 Adice
1405 924 1518 950 nunc

120 984 250 1035 quod,
292 997 388 1023 cum
427 996 594 1033 semper
630 982 849 1032 praedices
889 981 1092 1020 cariorem
1132 979 1209 1019 tibi
1249 979 1403 1029 spiritu
1442 983 1518 1018 tuo

119 1051 342 1090 Caesarem
371 1063 474 1097 esse,
503 1050 568 1088 fas
596 1048 675 1088 tibi
704 1062 789 1087 non
817 1052 881 1087 est
909 1047 1028 1086 salvo
1056 1046 1234 1086 Caesare
1262 1046 1315 1085 de
1342 1046 1518 1084 fortuna

120 1117 261 1168 queri:
308 1116 386 1155 hoc
418 1115 620 1155 incolumi
652 1114 759 1154 salvi
791 1113 869 1154 tibi
901 1118 1002 1152 sunt
1034 1113 1111 1161 tui,
1144 1111 1247 1151 nihil
1279 1111 1518 1162 perdidisti,

120 1196 206 1222 non
223 1187 396 1222 tantum
412 1182 545 1221 siccos
560 1180 705 1220 oculos
720 1185 818 1220 tuos
833 1193 922 1219 esse
938 1179 1009 1219 sed
1026 1179 1158 1218 etiam
1175 1178 1309 1217 laetos
1325 1182 1517 1228 oportet;

119 1249 162 1288 in
185 1248 264 1288 hoc
288 1248 366 1288 tibi
390 1248 534 1287 omnia
557 1252 672 1295 sunt,
696 1246 763 1286 hic
787 1259 863 1297 pro
886 1245 1086 1285 omnibus
1108 1249 1185 1284 est.
1247 1244 1371 1293 Quod
1395 1243 1518 1294 longe

120 1328 144 1354 a
168 1314 362 1355 sensibus
386 1314 472 1354 tuis
495 1313 819 1364 pudentissimis
843 1312 1129 1363 piissimisque
1153 1310 1290 1359 abest,
1315 1310 1521 1350 adversus

118 1381 372 1422 felicitatem
403 1386 525 1420 tuam
556 1393 709 1431 parum
739 1384 887 1430 gratus
916 1392 973 1427 es,
1004 1378 1038 1417 si
1068 1377 1147 1417 tibi
1178 1377 1411 1429 quicquam
1441 1376 1520 1416 hoc

120 1448 240 1487 salvo
267 1448 364 1487 fiere
391 1447 618 1497 permittis.

178 1514 301 1554 VIII.
343 1513 595 1553 Monstrabo
619 1513 868 1553 etiamnunc
893 1525 978 1551 non
1003 1511 1177 1563 quidem
1202 1510 1365 1549 firmius
1389 1522 1520 1549 reme-

119 1581 239 1621 dium
277 1580 349 1620 sed
387 1579 652 1619 familiarius.
714 1579 756 1619 Si
794 1579 967 1630 quando
1005 1582 1047 1618 te
1084 1578 1262 1617 domum
1300 1576 1519 1626 receperis,

121 1652 224 1687 tunc
252 1647 332 1687 erit
361 1646 439 1686 tibi
468 1646 701 1686 metuenda
729 1645 928 1685 tristitia:
972 1657 1072 1683 nam
1101 1657 1232 1695 quam
1259 1643 1333 1683 diu
1361 1655 1520 1682 numen

121 1718 246 1754 tuum
285 1713 533 1761 intueberis,
573 1712 737 1752 nullum
776 1712 846 1750 illa
885 1711 938 1751 ad
979 1716 1020 1751 te
1059 1711 1249 1750 inveniet
1288 1722 1519 1756 accessum,

121 1781 265 1819 omnia
291 1780 334 1818 in
360 1784 402 1819 te
427 1780 583 1819 Caesar
607 1779 793 1827 tenebit;
837 1791 932 1817 cum
959 1777 1013 1817 ab
1040 1777 1109 1816 illo
1135 1776 1389 1824 discesseris,
1417 1780 1520 1815 tunc

122 1846 240 1886 velut
269 1846 490 1885 occasione
518 1846 623 1885 data
651 1844 926 1885 insidiabitur
953 1843 1173 1883 solitudini
1203 1847 1303 1882 tuae
1331 1841 1452 1882 dolor
1478 1845 1522 1881 et

123 1913 403 1963 requiescenti
429 1913 572 1951 animo
596 1917 672 1951 tuo
696 1911 906 1962 paulatim
930 1911 1108 1960 inrepet.
1170 1909 1325 1960 Itaque
1349 1921 1434 1947 non
1456 1911 1521 1948 est

122 1979 237 2029 quod
268 1978 403 2018 ullum
436 1983 607 2028 tempus
638 1991 792 2017 vacare
822 1977 1001 2027 patiaris
1032 1989 1056 2015 a
1087 1976 1261 2015 studiis:
1307 1979 1411 2014 tunc
1442 1973 1521 2014 tibi

122 2045 290 2084 litterae
311 2050 412 2084 tuae
433 2049 522 2084 tam
543 2045 617 2084 diu
638 2057 686 2083 ac
707 2048 797 2083 tam
819 2043 1000 2082 fideliter
1020 2047 1191 2081 amatae
1212 2041 1396 2091 gratiam
1417 2041 1521 2080 refe-

122 2116 233 2159 rant,
259 2116 362 2150 tunc
387 2115 428 2150 te
452 2110 547 2149 illae
572 2110 813 2149 antistitem
837 2114 879 2149 et
905 2108 1111 2148 cultorem
1135 2120 1260 2147 suurn
1284 2107 1519 2154 vindicent,

122 2181 225 2216 tunc
258 2177 471 2216 Homerus
500 2181 542 2215 et
573 2176 791 2230 Vergilius
812 2180 903 2215 tam
933 2175 1040 2214 bene
1069 2174 1121 2213 de
1151 2173 1341 2213 humano
1371 2185 1522 2223 genere

122 2243 278 2291 meriti,
307 2256 437 2294 quam
467 2247 514 2281 tu
543 2246 585 2281 et
613 2242 665 2281 de
693 2242 772 2281 illis
800 2246 842 2281 et
870 2241 922 2281 de
950 2240 1150 2279 omnibus
1178 2239 1386 2287 meruisti,
1415 2252 1522 2290 quos

122 2309 317 2360 pluribus
340 2313 466 2348 notos
488 2321 578 2348 esse
601 2308 775 2348 voluisti
800 2320 931 2358 quam
955 2307 1227 2357 scripserant,
1251 2305 1439 2345 multum
1463 2309 1522 2344 te-
