1667 2524
120 131 173 171 52
563 135 602 168 L.
639 135 835 168 ANNAEI
869 136 1095 170 SENECAE

118 268 203 294 non
241 255 412 296 nomine
424 269 433 304 ;
487 268 588 295 nam
625 259 668 295 et
708 254 940 306 Dionysius
978 255 1114 295 maior
1149 254 1239 296 iure
1278 255 1516 307 meritoque

118 321 319 372 praeferri
354 321 500 361 multis
533 321 701 371 regibus
733 325 892 372 potest,
925 326 968 362 et
1003 322 1048 361 L.
1084 322 1246 362 Sullam
1280 326 1516 373 tyrannum

119 388 323 438 appellari
354 388 456 439 quid
488 387 701 438 prohibet,
733 387 799 428 cui
830 387 1050 428 occidendi
1081 388 1209 428 finem
1241 388 1342 428 fecit
1372 388 1518 439 inopia

119 453 340 493 hostium?
399 454 675 494 Descenderit
707 453 804 494 licet
834 467 857 494 e
887 454 1106 494 dictatura
1135 468 1213 494 sua
1243 460 1286 495 et
1317 468 1360 495 se
1391 459 1517 505 togae

121 520 365 569 reddiderit,
412 520 507 571 quis
551 524 699 560 tamen
743 533 952 571 umquam
997 524 1209 571 tyrannus
1254 525 1346 561 tam
1393 521 1517 561 avide

120 586 357 626 humanum
390 586 641 637 sanguinem
674 586 783 626 bibit
818 600 949 637 quam
981 586 1063 635 ille,
1097 587 1170 638 qui
1203 592 1368 638 septem
1403 587 1519 626 milia

120 653 277 693 civium
309 653 606 692 Romanorum
635 652 923 693 contrucidari
954 653 1076 693 iussit
1101 658 1159 702 et,
1186 666 1283 693 cum
1308 653 1352 692 in
1378 653 1518 693 vicino

120 719 173 759 ad
217 719 365 759 aedem
410 719 610 759 Bellonae
652 719 803 759 sedens
844 719 1089 759 exaudisset
1133 719 1518 760 conclamationem

119 790 186 826 tot
236 785 399 825 milium
447 786 526 825 sub
574 785 716 836 gladio
763 785 1042 836 gementium,
1090 786 1297 826 exterrito
1345 790 1519 826 senatu:

118 852 235 892 ‘Hoc
286 852 484 903 agamus'
535 852 691 903 inquit,
743 853 811 892 ‘P.
852 853 919 901 C.;
974 852 1164 892 seditiosi
1215 852 1386 903 pauculi
1426 865 1519 892 meo

120 918 236 958 iussu
267 918 574 959 occiduntur⁷?
633 919 727 959 Hoc
753 932 838 958 non
862 924 926 959 est
953 918 1181 968 mentitus;
1222 919 1348 969 pauci
1379 919 1520 959 Sullae

121 985 393 1025 videbantur.
455 985 536 1025 Sed
579 998 679 1024 mox
719 985 772 1025 de
814 985 943 1033 Sulla,
967 998 1064 1025 cum
1106 998 1374 1036 quaeremus,
1417 999 1521 1047 quo-

122 1052 249 1091 modo
274 1051 470 1092 hostibus
494 1051 764 1092 irascendum
789 1051 858 1099 sit,
884 1051 1034 1102 utique
1060 1051 1093 1091 si
1118 1051 1161 1090 in
1187 1051 1339 1092 hostile
1365 1065 1521 1092 nomen

121 1118 234 1158 cives
264 1122 306 1158 et
338 1131 390 1158 ex
421 1118 571 1158 eodem
604 1131 778 1168 corpore
810 1117 984 1168 abrupti
1016 1117 1287 1167 transierint;
1334 1118 1520 1166 interim,

121 1184 200 1225 hoc
237 1185 353 1236 quod
389 1184 601 1233 dicebam,
639 1184 866 1225 clementia
902 1184 1045 1233 efficit,
1082 1188 1131 1224 ut
1170 1198 1373 1235 magnum
1410 1184 1523 1224 inter

122 1264 261 1302 regem
307 1255 630 1302 tyrannumque
675 1250 903 1291 discrimen
949 1250 1018 1299 sit,
1065 1255 1246 1301 uterque
1293 1251 1389 1291 licet
1436 1264 1522 1290 non

123 1318 263 1357 minus
307 1317 435 1357 armis
479 1317 684 1367 valletur;
743 1317 816 1357 sed
861 1317 970 1357 alter
1012 1330 1132 1356 arma
1176 1317 1321 1365 habet,
1367 1317 1523 1368 quibus

122 1384 164 1424 in
207 1384 525 1424 munimentum
568 1383 684 1435 pacis
725 1384 878 1432 utitur,
921 1384 1042 1431 alter,
1081 1388 1129 1424 ut
1172 1397 1328 1434 magno
1369 1384 1522 1424 timore

123 1464 279 1501 magna
321 1450 420 1491 odia
462 1455 720 1501 compescat,
757 1464 832 1490 nec
876 1450 968 1490 illas
1010 1450 1124 1500 ipsas
1168 1463 1334 1499 manus,
1367 1450 1523 1501 quibus

123 1531 165 1557 sc
211 1517 437 1566 commisit,
469 1530 641 1557 securus
686 1516 882 1567 adspicit.
943 1516 1177 1556 Contrariis
1221 1516 1263 1555 in
1309 1516 1524 1556 contraria

123 1584 284 1632 agitur;
330 1597 430 1623 nam
467 1596 564 1624 cum
593 1583 757 1623 invisus
786 1583 855 1631 sit,
886 1582 990 1633 quia
1019 1582 1211 1631 timetur,
1242 1582 1383 1622 timeri
1413 1583 1524 1631 vult,

124 1650 224 1702 quia
264 1650 427 1689 invisus
466 1655 545 1698 est,
586 1654 628 1689 et
670 1649 740 1689 illo
780 1649 1028 1689 exsecrabili
1070 1662 1209 1698 versu,
1242 1649 1315 1700 qui
1365 1649 1524 1689 multos

125 1716 379 1768 praecipites
401 1716 535 1765 dedit,
560 1716 719 1756 utitur:

547 1816 741 1865 Oderint,
763 1816 867 1856 dum
890 1819 1103 1864 metuant,

126 1917 313 1968 ignarus,
351 1920 516 1969 quanta
552 1916 690 1957 rabies
725 1917 902 1965 oriatur,
939 1916 1012 1956 ubi
1049 1929 1177 1967 supra
1213 1916 1389 1957 modum
1426 1916 1524 1957 odia

128 1987 366 2024 creverunt.
426 1984 709 2034 Temperatus
763 1983 876 2023 enim
932 1983 1062 2023 timor
1117 1982 1287 2023 cohibet
1343 1983 1523 2031 animos,

128 2050 334 2090 adsiduus
361 2063 461 2090 vero
487 2054 530 2090 et
557 2063 652 2090 acer
677 2054 720 2090 et
746 2054 939 2089 extrema
965 2050 1201 2089 admovens
1227 2049 1269 2088 in
1297 2049 1523 2089 audaciam

128 2116 315 2156 iacentes
360 2117 522 2157 excitat
568 2120 611 2156 et
657 2117 801 2156 omnia
846 2116 1027 2166 experiri
1074 2116 1240 2155 suadet.
1301 2115 1368 2155 Sic
1414 2116 1525 2155 feras

130 2183 239 2223 linea
268 2187 311 2223 et
341 2183 496 2234 pinnae
528 2183 664 2223 clusas
695 2183 959 2231 contineant,
990 2182 1161 2222 easdem
1191 2195 1216 2221 a
1247 2186 1364 2231 tergo
1395 2195 1524 2233 eques

130 2249 224 2289 telis
259 2250 463 2289 incessat:
515 2249 795 2300 temptabunt
830 2250 976 2299 fugam
1013 2262 1086 2300 per
1121 2249 1226 2299 ipsa,
1263 2262 1372 2300 quae
1408 2249 1525 2298 fuge-

131 2320 241 2363 rant,
268 2316 665 2368 proculcabuntque
691 2316 976 2356 formidinem.
1037 2315 1255 2356 Acerrima
1281 2315 1419 2355 virtus
1445 2319 1523 2361 est,
