1667 2524
145 122 199 164 70
579 127 619 160 L.
655 127 848 162 ANNAEI
882 128 1109 162 SENECAE

144 246 297 295 credit,
343 246 566 297 aegritudo
597 251 743 286 autem
773 246 816 285 in
846 246 1085 296 sapientem
1115 246 1256 285 virum
1287 259 1372 285 non
1403 247 1542 296 cadit;

144 325 291 352 serena
315 313 405 352 eius
430 326 548 352 mens
572 317 650 359 est,
677 325 751 351 nec
777 312 1010 362 quicquam
1034 312 1218 352 incidere
1242 316 1400 362 potest,
1427 313 1542 363 quod

142 378 257 417 illam
285 378 488 418 obducat.
551 378 752 428 Nihilque
787 391 922 428 aeque
953 377 1170 418 hominem
1203 391 1334 429 quam
1362 391 1544 429 magnus

143 445 311 484 animus
343 445 486 493 decet;
536 458 620 484 non
654 448 797 494 potest
831 448 977 484 autem
1011 457 1192 494 magnus
1224 458 1314 484 esse
1347 445 1461 485 idem
1494 459 1543 485 ac

142 516 345 551 maestus.
408 512 574 550 Maeror
617 510 846 550 contundit
889 515 1068 558 mentes,
1113 511 1259 559 abicit,
1306 511 1543 561 contrahit;

142 578 220 617 hoc
246 578 429 628 sapienti
456 591 507 617 ne
532 578 575 616 in
600 577 686 616 suis
712 577 886 628 quidem
913 577 1078 617 accidet
1107 577 1443 625 calamitatibus,
1470 578 1543 618 sed

142 657 314 683 omnem
350 644 550 683 fortunae
586 644 693 682 iram
730 643 1020 683 reverberabit
1058 648 1100 683 et
1138 648 1238 684 ante
1275 657 1317 684 se
1353 645 1543 694 franget,

141 711 321 750 eandem
353 723 519 760 semper
547 710 701 749 faciem
732 710 936 757 servabit,
969 710 1199 760 placidam,
1231 710 1543 759 inconcussam,

141 777 256 827 quod
281 777 419 816 facere
444 790 529 816 non
553 781 710 827 posset,
736 777 769 816 si
795 777 1019 823 tristitiam
1045 777 1264 827 reciperet.

197 843 270 882 VI.
314 843 459 891 Adice,
499 843 613 893 quod
653 843 822 893 sapiens
859 848 901 882 et
940 843 1141 893 providet
1180 848 1222 882 et
1261 843 1303 881 in
1341 843 1544 894 expedito

142 907 365 948 consilium
389 909 540 957 habet,
579 922 819 960 numquam
841 914 987 949 autem
1012 910 1222 960 liquidum
1245 910 1544 961 sincerumque

139 989 192 1015 ex
223 975 394 1015 turbido
425 976 557 1015 venit.
618 976 813 1015 Tristitia
843 976 1043 1015 inhabilis
1073 981 1137 1015 est
1169 977 1222 1015 ad
1254 976 1543 1026 dispiciendas

140 1055 216 1089 res,
251 1042 373 1081 utilia
406 1042 706 1092 excogitanda,
741 1042 979 1092 periculosa
1013 1043 1208 1090 vitanda,
1245 1056 1382 1093 aequa
1417 1043 1543 1082 aesti-

141 1109 322 1156 manda,
369 1121 467 1158 ergo
499 1121 584 1147 non
615 1108 853 1156 miseretur,
886 1109 987 1159 quia
1018 1108 1059 1148 id
1091 1109 1180 1148 sine
1212 1109 1381 1148 miseria
1413 1109 1543 1148 animi

141 1187 227 1213 non
274 1174 336 1214 fit.
397 1175 547 1214 Cetera
594 1175 752 1222 onmia,
799 1188 924 1225 quae,
971 1175 1043 1225 qui
1090 1175 1358 1223 miserentur,
1406 1175 1543 1215 solent

139 1241 292 1289 facere,
334 1241 470 1281 libens
509 1246 552 1281 et
592 1241 706 1280 altus
746 1242 890 1280 animo
930 1241 1080 1289 faciet,
1137 1246 1355 1281 succurret
1397 1241 1544 1281 alienis

139 1306 335 1356 lacrimis,
377 1321 462 1346 non
508 1308 702 1351 accedet;
748 1308 871 1347 dabit
915 1320 1094 1348 manum
1138 1308 1361 1357 naufrago,
1408 1307 1543 1347 exsuli

138 1372 391 1424 hospitium,
414 1375 555 1424 egenti
580 1374 750 1424 stipem,
774 1388 860 1413 non
883 1373 993 1413 hanc
1018 1374 1387 1422 contumeliosam,
1412 1387 1543 1425 quam

139 1453 238 1490 pars
266 1440 403 1479 maior
429 1440 597 1488 horum,
627 1441 700 1491 qui
729 1441 1022 1480 misericordes
1051 1441 1186 1480 videri
1216 1440 1382 1488 volunt,
1412 1440 1544 1480 abicit

139 1510 182 1545 et
214 1506 397 1554 fastidit,
421 1519 528 1558 quos
561 1506 756 1554 adiuvat,
782 1507 1058 1557 contingique
1081 1506 1135 1545 ab
1159 1507 1208 1546 iis
1237 1507 1376 1555 timet,
1400 1507 1472 1547 sed
1494 1510 1544 1547 ut

140 1571 268 1611 homo
284 1571 445 1611 homini
462 1586 514 1611 cx
530 1573 746 1612 communi
762 1573 907 1621 dabit,-
939 1573 1120 1612 donabit
1137 1573 1322 1612 lacrimis
1338 1573 1544 1612 maternis

139 1638 273 1678 filium
296 1642 339 1678 et
365 1643 538 1678 catenas
562 1639 669 1678 solvi
698 1639 863 1678 iubebit
887 1643 929 1679 et
961 1639 1062 1678 ludo
1093 1639 1254 1679 eximet
1283 1643 1327 1678 et
1361 1639 1545 1679 cadaver

138 1705 269 1744 etiam
301 1705 478 1744 noxium
509 1705 698 1756 sepeliet,
731 1706 804 1745 sed
836 1706 965 1745 faciet
997 1705 1080 1745 ista
1112 1705 1346 1756 tranq·.iilla
1380 1710 1542 1753 mente,

138 1771 260 1811 voltu
286 1784 376 1811 suo.
438 1771 550 1822 Ergo
578 1785 664 1811 non
691 1772 963 1811 miserebitur
990 1772 1172 1822 sapiens,
1202 1772 1274 1812 sed
1305 1776 1541 1820 succurret,

137 1838 209 1878 sed
234 1838 437 1888 proderit,
463 1838 506 1877 in
531 1851 757 1878 commune
782 1838 991 1878 auxilium
1016 1843 1144 1878 natus
1169 1852 1217 1877 ac
1243 1838 1406 1877 bonum
1433 1838 1542 1889 pub-

138 1904 280 1953 licum,
298 1917 351 1944 ex
368 1918 453 1955 quo
470 1905 593 1944 dabit
612 1905 764 1956 cuique
782 1909 963 1955 partem.
1027 1905 1172 1944 Etiam
1191 1905 1245 1944 ad
1266 1905 1542 1944 calamitosos

139 1984 215 2021 pro
248 1971 446 2021 portione
476 1971 870 2022 improbandosque
902 1975 944 2010 et
976 1971 1269 2010 emendandos
1300 1970 1543 2010 bonitatem

139 2050 262 2076 suam
283 2037 506 2088 permittet
519 2050 527 2086 ;
564 2037 750 2077 adflictis
770 2051 871 2077 vero
891 2042 933 2077 et
954 2038 1065 2077 forte
1086 2037 1384 2077 laborantibus
1406 2036 1543 2091 multo

140 2103 343 2143 libentius
388 2104 630 2144 subveniet.
692 2104 901 2153 Quotiens
946 2104 1119 2154 poterit,
1168 2104 1367 2143 fortunae
1415 2103 1543 2142 inter-

142 2170 283 2218 ccdct;
327 2170 399 2209 ubi
428 2171 542 2210 enim
570 2170 724 2221 opibus
752 2170 896 2220 potius
923 2174 1073 2209 utetur
1099 2174 1175 2209 aut
1203 2169 1380 2217 viribus,
1412 2182 1543 2220 quam

141 2237 194 2275 ad
241 2237 522 2284 restituenda,
568 2250 677 2287 quae
722 2250 844 2276 casus
887 2236 1089 2286 impulit?
1148 2235 1325 2275 Voltum
1369 2235 1543 2286 quidem

142 2316 226 2341 non
250 2303 403 2342 deiciet
429 2316 504 2343 nec
529 2304 722 2342 animum
746 2303 800 2342 ob
826 2315 920 2342 crus
943 2302 1121 2342 alicuius
1145 2302 1314 2342 aridum
1339 2306 1414 2341 aut
1438 2314 1542 2352 pan-
