<?xml version="1.0" encoding="UTF-8"?>
<!DOCTYPE html PUBLIC "-//W3C//DTD XHTML 1.0 Transitional//EN"
    "http://www.w3.org/TR/xhtml1/DTD/xhtml1-transitional.dtd">
<html xmlns="http://www.w3.org/1999/xhtml" xml:lang="en" lang="en">
 <head>
  <title>
</title>
<meta http-equiv="Content-Type" content="text/html;charset=utf-8" />
  <meta name='ocr-system' content='tesseract 3.04.00' />
  <meta name='ocr-capabilities' content='ocr_page ocr_carea ocr_par ocr_line ocrx_word'/>
</head>
<body>
  <div class='ocr_page' id='page_1' title='image "./selectedessayssa00seneuoft_0119.png"; bbox 0 0 1667 2524; ppageno 0'>
   <div class='ocr_carea' id='block_1_1' title="bbox 439 156 1524 198">
    <p class='ocr_par' dir='ltr' id='par_1_1' title="bbox 439 156 1524 198">
     <span class='ocr_line' id='line_1_1' title="bbox 439 156 1524 198; baseline 0.005 -5"><span class='ocrx_word' id='word_1_1' title='bbox 439 161 506 194; x_wconf 86' lang='lat' dir='ltr'>AD</span> <span class='ocrx_word' id='word_1_2' title='bbox 541 160 787 194; x_wconf 80' lang='lat' dir='ltr'><strong>LUCILIUM</strong></span> <span class='ocrx_word' id='word_1_3' title='bbox 820 160 1066 194; x_wconf 86' lang='lat' dir='ltr'><strong>EPISTULA</strong></span> <span class='ocrx_word' id='word_1_4' title='bbox 1098 161 1212 193; x_wconf 83' lang='lat' dir='ltr'>XVII</span> <span class='ocrx_word' id='word_1_5' title='bbox 1473 156 1524 198; x_wconf 79' lang='grc'>79</span> 
     </span>
    </p>
   </div>
   <div class='ocr_carea' id='block_1_2' title="bbox 58 279 1572 2388">
    <p class='ocr_par' dir='ltr' id='par_1_2' title="bbox 58 279 1572 2388">
     <span class='ocr_line' id='line_1_2' title="bbox 126 279 1521 331; baseline -0.001 -11"><span class='ocrx_word' id='word_1_6' title='bbox 126 284 269 331; x_wconf 89' lang='lat' dir='ltr'>pertas</span> <span class='ocrx_word' id='word_1_7' title='bbox 319 284 523 319; x_wconf 81' lang='lat' dir='ltr'>contenta</span> <span class='ocrx_word' id='word_1_8' title='bbox 571 284 635 319; x_wconf 90' lang='lat' dir='ltr'>est</span> <span class='ocrx_word' id='word_1_9' title='bbox 683 279 904 319; x_wconf 77' lang='lat' dir='ltr'>desideriis</span> <span class='ocrx_word' id='word_1_10' title='bbox 951 279 1215 319; x_wconf 88' lang='lat' dir='ltr'>instantibus</span> <span class='ocrx_word' id='word_1_11' title='bbox 1263 280 1521 320; x_wconf 82' lang='lat' dir='ltr'>satisfacere.</span> 
     </span>
     <span class='ocr_line' id='line_1_3' title="bbox 126 345 1522 396; baseline 0 -11"><span class='ocrx_word' id='word_1_12' title='bbox 126 346 237 395; x_wconf 81' lang='lat' dir='ltr'>Quid</span> <span class='ocrx_word' id='word_1_13' title='bbox 267 350 331 385; x_wconf 89' lang='lat' dir='ltr'>est</span> <span class='ocrx_word' id='word_1_14' title='bbox 360 359 472 395; x_wconf 80' lang='lat' dir='ltr'>ergo,</span> <span class='ocrx_word' id='word_1_15' title='bbox 504 358 635 396; x_wconf 89' lang='lat' dir='ltr'>quare</span> <span class='ocrx_word' id='word_1_16' title='bbox 666 345 775 384; x_wconf 80' lang='lat' dir='ltr'>hano</span> <span class='ocrx_word' id='word_1_17' title='bbox 807 358 972 385; x_wconf 77' lang='lat' dir='ltr'>recuses</span> <span class='ocrx_word' id='word_1_18' title='bbox 1004 345 1370 393; x_wconf 73' lang='lat' dir='ltr'>contubernalem,</span> <span class='ocrx_word' id='word_1_19' title='bbox 1404 346 1522 385; x_wconf 83' lang='lat' dir='ltr'>cuius</span> 
     </span>
     <span class='ocr_line' id='line_1_4' title="bbox 125 410 1569 461; baseline 0.001 -10"><span class='ocrx_word' id='word_1_20' title='bbox 125 425 262 452; x_wconf 90' lang='lat' dir='ltr'>mores</span> <span class='ocrx_word' id='word_1_21' title='bbox 293 425 421 451; x_wconf 88' lang='lat' dir='ltr'>sanus</span> <span class='ocrx_word' id='word_1_22' title='bbox 453 412 573 451; x_wconf 76' lang='lat' dir='ltr'>dives</span> <span class='ocrx_word' id='word_1_23' title='bbox 614 412 840 451; x_wconf 78' lang='lat' dir='ltr'>imitatur?</span> <span class='ocrx_word' id='word_1_24' title='bbox 881 410 923 450; x_wconf 70' lang='lat' dir='ltr'>Si</span> <span class='ocrx_word' id='word_1_25' title='bbox 963 412 1028 461; x_wconf 78' lang='lat' dir='ltr'>vis</span> <span class='ocrx_word' id='word_1_26' title='bbox 1064 425 1216 451; x_wconf 75' lang='lat' dir='ltr'>vacare</span> <span class='ocrx_word' id='word_1_27' title='bbox 1252 413 1409 460; x_wconf 88' lang='lat' dir='ltr'>animo,</span> <span class='ocrx_word' id='word_1_28' title='bbox 1446 417 1519 452; x_wconf 80' lang='lat' dir='ltr'>aut</span> <span class='ocrx_word' id='word_1_29' title='bbox 1551 425 1569 452; x_wconf 87' lang='lat'>5</span> 
     </span>
     <span class='ocr_line' id='line_1_5' title="bbox 125 478 1522 529; baseline 0.001 -12"><span class='ocrx_word' id='word_1_30' title='bbox 125 491 288 529; x_wconf 85' lang='lat' dir='ltr'>pauper</span> <span class='ocrx_word' id='word_1_31' title='bbox 335 478 391 517; x_wconf 90' lang='lat' dir='ltr'>sis</span> <span class='ocrx_word' id='word_1_32' title='bbox 440 482 611 528; x_wconf 90' lang='lat' dir='ltr'>oportet</span> <span class='ocrx_word' id='word_1_33' title='bbox 660 482 736 517; x_wconf 89' lang='lat' dir='ltr'>aut</span> <span class='ocrx_word' id='word_1_34' title='bbox 785 478 962 528; x_wconf 85' lang='lat' dir='ltr'>pauperi</span> <span class='ocrx_word' id='word_1_35' title='bbox 1011 478 1171 517; x_wconf 74' lang='lat' dir='ltr'>smiilis.</span> <span class='ocrx_word' id='word_1_36' title='bbox 1234 478 1331 517; x_wconf 89' lang='lat' dir='ltr'>Non</span> <span class='ocrx_word' id='word_1_37' title='bbox 1380 483 1522 529; x_wconf 89' lang='lat' dir='ltr'>potest</span> 
     </span>
     <span class='ocr_line' id='line_1_6' title="bbox 124 544 1523 595; baseline 0 -11"><span class='ocrx_word' id='word_1_38' title='bbox 124 545 317 584; x_wconf 90' lang='lat' dir='ltr'>studium</span> <span class='ocrx_word' id='word_1_39' title='bbox 354 545 541 583; x_wconf 86' lang='lat' dir='ltr'>salutare</span> <span class='ocrx_word' id='word_1_40' title='bbox 578 544 666 583; x_wconf 90' lang='lat' dir='ltr'>fieri</span> <span class='ocrx_word' id='word_1_41' title='bbox 703 545 792 583; x_wconf 90' lang='lat' dir='ltr'>sine</span> <span class='ocrx_word' id='word_1_42' title='bbox 829 544 1089 594; x_wconf 80' lang='lat' dir='ltr'>frugalitatis</span> <span class='ocrx_word' id='word_1_43' title='bbox 1127 557 1247 592; x_wconf 80' lang='lat' dir='ltr'>cura;</span> <span class='ocrx_word' id='word_1_44' title='bbox 1300 545 1523 595; x_wconf 82' lang='lat' dir='ltr'>frugalitas</span> 
     </span>
     <span class='ocr_line' id='line_1_7' title="bbox 125 610 1524 661; baseline 0 -11"><span class='ocrx_word' id='word_1_45' title='bbox 125 615 271 650; x_wconf 88' lang='lat' dir='ltr'>autem</span> <span class='ocrx_word' id='word_1_46' title='bbox 325 615 559 661; x_wconf 82' lang='lat' dir='ltr'>paupertas</span> <span class='ocrx_word' id='word_1_47' title='bbox 613 610 858 649; x_wconf 80' lang='lat' dir='ltr'>voluntaria</span> <span class='ocrx_word' id='word_1_48' title='bbox 911 615 989 650; x_wconf 90' lang='lat' dir='ltr'>est.</span> <span class='ocrx_word' id='word_1_49' title='bbox 1050 610 1166 650; x_wconf 88' lang='lat' dir='ltr'>Tolle</span> <span class='ocrx_word' id='word_1_50' title='bbox 1220 611 1366 661; x_wconf 82' lang='lat' dir='ltr'>itaque</span> <span class='ocrx_word' id='word_1_51' title='bbox 1420 611 1524 650; x_wconf 85' lang='lat' dir='ltr'>istas</span> 
     </span>
     <span class='ocr_line' id='line_1_8' title="bbox 125 676 1522 728; baseline 0 -12"><span class='ocrx_word' id='word_1_52' title='bbox 125 677 444 716; x_wconf 83' lang='lat' dir='ltr'>excusationes:</span> <span class='ocrx_word' id='word_1_53' title='bbox 486 677 700 716; x_wconf 85' lang='lat' dir='ltr'>‘nondum</span> <span class='ocrx_word' id='word_1_54' title='bbox 729 676 881 724; x_wconf 89' lang='lat' dir='ltr'>habeo,</span> <span class='ocrx_word' id='word_1_55' title='bbox 910 682 1124 728; x_wconf 86' lang='lat' dir='ltr'>quantum</span> <span class='ocrx_word' id='word_1_56' title='bbox 1151 678 1255 717; x_wconf 88' lang='lat' dir='ltr'>satis</span> <span class='ocrx_word' id='word_1_57' title='bbox 1281 683 1366 726; x_wconf 85' lang='lat' dir='ltr'>est;</span> <span class='ocrx_word' id='word_1_58' title='bbox 1408 678 1441 716; x_wconf 92' lang='lat' dir='ltr'>si</span> <span class='ocrx_word' id='word_1_59' title='bbox 1469 677 1522 716; x_wconf 90' lang='lat' dir='ltr'>ad</span> 
     </span>
     <span class='ocr_line' id='line_1_9' title="bbox 110 726 1523 793; baseline 0 -12"><span class='ocrx_word' id='word_1_60' title='bbox 110 726 241 782; x_wconf 55' lang='lat' dir='ltr'>‘illam</span> <span class='ocrx_word' id='word_1_61' title='bbox 276 756 491 782; x_wconf 87' lang='lat' dir='ltr'>summam</span> <span class='ocrx_word' id='word_1_62' title='bbox 526 742 773 793; x_wconf 80' lang='lat' dir='ltr'>pervenero,</span> <span class='ocrx_word' id='word_1_63' title='bbox 810 748 913 782; x_wconf 79' lang='lat' dir='ltr'>tuno</span> <span class='ocrx_word' id='word_1_64' title='bbox 949 756 1015 782; x_wconf 92' lang='lat' dir='ltr'>me</span> <span class='ocrx_word' id='word_1_65' title='bbox 1051 747 1193 782; x_wconf 80' lang='lat' dir='ltr'>totum</span> <span class='ocrx_word' id='word_1_66' title='bbox 1229 742 1523 793; x_wconf 85' lang='lat' dir='ltr'>philosophiae</span> 
     </span>
     <span class='ocr_line' id='line_1_10' title="bbox 124 808 1522 860; baseline 0 -12"><span class='ocrx_word' id='word_1_67' title='bbox 124 809 267 848; x_wconf 87' lang='lat' dir='ltr'>dabo.&#39;</span> <span class='ocrx_word' id='word_1_68' title='bbox 328 809 462 860; x_wconf 84' lang='lat' dir='ltr'>Atqui</span> <span class='ocrx_word' id='word_1_69' title='bbox 490 809 594 847; x_wconf 87' lang='lat' dir='ltr'>nihil</span> <span class='ocrx_word' id='word_1_70' title='bbox 622 810 740 859; x_wconf 90' lang='lat' dir='ltr'>prius</span> <span class='ocrx_word' id='word_1_71' title='bbox 767 821 897 859; x_wconf 91' lang='lat' dir='ltr'>quam</span> <span class='ocrx_word' id='word_1_72' title='bbox 926 808 1004 848; x_wconf 83' lang='lat' dir='ltr'>hoo</span> <span class='ocrx_word' id='word_1_73' title='bbox 1032 809 1273 859; x_wconf 86' lang='lat' dir='ltr'>parandum</span> <span class='ocrx_word' id='word_1_74' title='bbox 1300 813 1378 857; x_wconf 90' lang='lat' dir='ltr'>est,</span> <span class='ocrx_word' id='word_1_75' title='bbox 1407 809 1522 860; x_wconf 92' lang='lat' dir='ltr'>quod</span> 
     </span>
     <span class='ocr_line' id='line_1_11' title="bbox 63 874 1521 925; baseline 0 -10"><span class='ocrx_word' id='word_1_76' title='bbox 63 915 66 919; x_wconf 82' lang='grc'><em>,</em></span> <span class='ocrx_word' id='word_1_77' title='bbox 124 879 173 915; x_wconf 91' lang='lat' dir='ltr'>tu</span> <span class='ocrx_word' id='word_1_78' title='bbox 200 875 345 915; x_wconf 84' lang='lat' dir='ltr'>differs</span> <span class='ocrx_word' id='word_1_79' title='bbox 372 880 415 915; x_wconf 90' lang='lat' dir='ltr'>et</span> <span class='ocrx_word' id='word_1_80' title='bbox 444 879 541 925; x_wconf 91' lang='lat' dir='ltr'>post</span> <span class='ocrx_word' id='word_1_81' title='bbox 572 880 712 914; x_wconf 84' lang='lat' dir='ltr'>cetera</span> <span class='ocrx_word' id='word_1_82' title='bbox 741 888 887 925; x_wconf 84' lang='lat' dir='ltr'>paras;</span> <span class='ocrx_word' id='word_1_83' title='bbox 933 875 987 913; x_wconf 87' lang='lat' dir='ltr'>ab</span> <span class='ocrx_word' id='word_1_84' title='bbox 1016 874 1095 914; x_wconf 78' lang='lat' dir='ltr'>hoc</span> <span class='ocrx_word' id='word_1_85' title='bbox 1124 875 1416 925; x_wconf 80' lang='lat' dir='ltr'>incipiendum</span> <span class='ocrx_word' id='word_1_86' title='bbox 1443 880 1521 915; x_wconf 88' lang='lat' dir='ltr'>est.</span> 
     </span>
     <span class='ocr_line' id='line_1_12' title="bbox 125 941 1524 992; baseline 0 -12"><span class='ocrx_word' id='word_1_87' title='bbox 125 942 322 981; x_wconf 83' lang='lat' dir='ltr'>‘Parare&#39;</span> <span class='ocrx_word' id='word_1_88' title='bbox 367 942 509 992; x_wconf 86' lang='lat' dir='ltr'>inquis</span> <span class='ocrx_word' id='word_1_89' title='bbox 552 941 687 981; x_wconf 88' lang='lat' dir='ltr'>‘unde</span> <span class='ocrx_word' id='word_1_90' title='bbox 731 942 878 980; x_wconf 87' lang='lat' dir='ltr'>vivam</span> <span class='ocrx_word' id='word_1_91' title='bbox 923 941 1049 981; x_wconf 82' lang='lat' dir='ltr'>volo.&#39;</span> <span class='ocrx_word' id='word_1_92' title='bbox 1110 941 1244 981; x_wconf 79' lang='lat' dir='ltr'>Simul</span> <span class='ocrx_word' id='word_1_93' title='bbox 1287 946 1330 981; x_wconf 92' lang='lat' dir='ltr'>et</span> <span class='ocrx_word' id='word_1_94' title='bbox 1374 955 1524 992; x_wconf 86' lang='lat' dir='ltr'>parare</span> 
     </span>
     <span class='ocr_line' id='line_1_13' title="bbox 125 1007 1522 1059; baseline 0 -11"><span class='ocrx_word' id='word_1_95' title='bbox 125 1008 260 1048; x_wconf 81' lang='lat' dir='ltr'>disce:</span> <span class='ocrx_word' id='word_1_96' title='bbox 299 1008 334 1047; x_wconf 90' lang='lat' dir='ltr'>si</span> <span class='ocrx_word' id='word_1_97' title='bbox 358 1008 461 1059; x_wconf 92' lang='lat' dir='ltr'>quid</span> <span class='ocrx_word' id='word_1_98' title='bbox 486 1012 528 1047; x_wconf 93' lang='lat' dir='ltr'>te</span> <span class='ocrx_word' id='word_1_99' title='bbox 553 1012 675 1047; x_wconf 80' lang='lat' dir='ltr'>vetat</span> <span class='ocrx_word' id='word_1_100' title='bbox 699 1007 807 1048; x_wconf 88' lang='lat' dir='ltr'>bene</span> <span class='ocrx_word' id='word_1_101' title='bbox 831 1008 989 1056; x_wconf 84' lang='lat' dir='ltr'>vivere,</span> <span class='ocrx_word' id='word_1_102' title='bbox 1015 1007 1122 1047; x_wconf 89' lang='lat' dir='ltr'>bene</span> <span class='ocrx_word' id='word_1_103' title='bbox 1145 1008 1253 1047; x_wconf 89' lang='lat' dir='ltr'>mori</span> <span class='ocrx_word' id='word_1_104' title='bbox 1278 1021 1363 1047; x_wconf 90' lang='lat' dir='ltr'>non</span> <span class='ocrx_word' id='word_1_105' title='bbox 1387 1013 1522 1048; x_wconf 84' lang='lat' dir='ltr'>vetat.</span> 
     </span>
     <span class='ocr_line' id='line_1_14' title="bbox 127 1074 1568 1125; baseline -0.001 -12"><span class='ocrx_word' id='word_1_106' title='bbox 127 1074 223 1113; x_wconf 90' lang='lat' dir='ltr'>Non</span> <span class='ocrx_word' id='word_1_107' title='bbox 257 1078 322 1114; x_wconf 90' lang='lat' dir='ltr'>est</span> <span class='ocrx_word' id='word_1_108' title='bbox 357 1074 473 1125; x_wconf 91' lang='lat' dir='ltr'>quod</span> <span class='ocrx_word' id='word_1_109' title='bbox 509 1087 585 1113; x_wconf 88' lang='lat' dir='ltr'>nos</span> <span class='ocrx_word' id='word_1_110' title='bbox 620 1079 853 1124; x_wconf 82' lang='lat' dir='ltr'>paupertas</span> <span class='ocrx_word' id='word_1_111' title='bbox 888 1087 912 1112; x_wconf 87' lang='lat' dir='ltr'>a</span> <span class='ocrx_word' id='word_1_112' title='bbox 947 1074 1217 1124; x_wconf 88' lang='lat' dir='ltr'>philosophia</span> <span class='ocrx_word' id='word_1_113' title='bbox 1252 1079 1437 1123; x_wconf 82' lang='lat' dir='ltr'>revocet,</span> <span class='ocrx_word' id='word_1_114' title='bbox 1473 1088 1525 1114; x_wconf 89' lang='lat' dir='ltr'>ne</span> <span class='ocrx_word' id='word_1_115' title='bbox 1551 1084 1568 1111; x_wconf 84' lang='lat'>6</span> 
     </span>
     <span class='ocr_line' id='line_1_15' title="bbox 126 1140 1525 1191; baseline -0.001 -11"><span class='ocrx_word' id='word_1_116' title='bbox 126 1145 293 1191; x_wconf 81' lang='lat' dir='ltr'>egestas</span> <span class='ocrx_word' id='word_1_117' title='bbox 320 1141 509 1191; x_wconf 88' lang='lat' dir='ltr'>quidem.</span> <span class='ocrx_word' id='word_1_118' title='bbox 569 1140 809 1180; x_wconf 88' lang='lat' dir='ltr'>Toleranda</span> <span class='ocrx_word' id='word_1_119' title='bbox 836 1145 900 1179; x_wconf 92' lang='lat' dir='ltr'>est</span> <span class='ocrx_word' id='word_1_120' title='bbox 928 1141 1041 1179; x_wconf 90' lang='lat' dir='ltr'>enim</span> <span class='ocrx_word' id='word_1_121' title='bbox 1069 1140 1123 1179; x_wconf 91' lang='lat' dir='ltr'>ad</span> <span class='ocrx_word' id='word_1_122' title='bbox 1152 1140 1231 1179; x_wconf 78' lang='lat' dir='ltr'>hoc</span> <span class='ocrx_word' id='word_1_123' title='bbox 1258 1142 1525 1191; x_wconf 87' lang='lat' dir='ltr'>properanti-</span> 
     </span>
     <span class='ocr_line' id='line_1_16' title="bbox 126 1206 1523 1257; baseline 0 -11"><span class='ocrx_word' id='word_1_124' title='bbox 126 1207 205 1246; x_wconf 89' lang='lat' dir='ltr'>bus</span> <span class='ocrx_word' id='word_1_125' title='bbox 227 1207 293 1247; x_wconf 86' lang='lat' dir='ltr'>Vel</span> <span class='ocrx_word' id='word_1_126' title='bbox 316 1207 465 1246; x_wconf 88' lang='lat' dir='ltr'>fames.</span> <span class='ocrx_word' id='word_1_127' title='bbox 527 1206 667 1255; x_wconf 84' lang='lat' dir='ltr'>Quam</span> <span class='ocrx_word' id='word_1_128' title='bbox 690 1206 926 1246; x_wconf 82' lang='lat' dir='ltr'>toleravere</span> <span class='ocrx_word' id='word_1_129' title='bbox 949 1207 1126 1257; x_wconf 86' lang='lat' dir='ltr'>quidam</span> <span class='ocrx_word' id='word_1_130' title='bbox 1149 1207 1191 1245; x_wconf 91' lang='lat' dir='ltr'>in</span> <span class='ocrx_word' id='word_1_131' title='bbox 1214 1207 1523 1255; x_wconf 80' lang='lat' dir='ltr'>obsidionibus,</span> 
     </span>
     <span class='ocr_line' id='line_1_17' title="bbox 124 1273 1525 1324; baseline -0.001 -11"><span class='ocrx_word' id='word_1_132' title='bbox 124 1278 167 1313; x_wconf 92' lang='lat' dir='ltr'>et</span> <span class='ocrx_word' id='word_1_133' title='bbox 201 1273 315 1324; x_wconf 90' lang='lat' dir='ltr'>quod</span> <span class='ocrx_word' id='word_1_134' title='bbox 339 1273 454 1313; x_wconf 90' lang='lat' dir='ltr'>aliud</span> <span class='ocrx_word' id='word_1_135' title='bbox 477 1278 569 1312; x_wconf 87' lang='lat' dir='ltr'>erat</span> <span class='ocrx_word' id='word_1_136' title='bbox 603 1273 683 1312; x_wconf 92' lang='lat' dir='ltr'>illis</span> <span class='ocrx_word' id='word_1_137' title='bbox 714 1273 950 1323; x_wconf 85' lang='lat' dir='ltr'>patientiae</span> <span class='ocrx_word' id='word_1_138' title='bbox 973 1273 1214 1323; x_wconf 88' lang='lat' dir='ltr'>praemium</span> <span class='ocrx_word' id='word_1_139' title='bbox 1237 1286 1369 1324; x_wconf 87' lang='lat' dir='ltr'>quam</span> <span class='ocrx_word' id='word_1_140' title='bbox 1392 1274 1435 1312; x_wconf 92' lang='lat' dir='ltr'>in</span> <span class='ocrx_word' id='word_1_141' title='bbox 1460 1287 1525 1312; x_wconf 89' lang='lat' dir='ltr'>ar-</span> 
     </span>
     <span class='ocr_line' id='line_1_18' title="bbox 125 1338 1524 1390; baseline 0.001 -12"><span class='ocrx_word' id='word_1_142' title='bbox 125 1339 302 1379; x_wconf 89' lang='lat' dir='ltr'>bitrium</span> <span class='ocrx_word' id='word_1_143' title='bbox 325 1353 410 1378; x_wconf 90' lang='lat' dir='ltr'>non</span> <span class='ocrx_word' id='word_1_144' title='bbox 433 1339 581 1379; x_wconf 81' lang='lat' dir='ltr'>cadere</span> <span class='ocrx_word' id='word_1_145' title='bbox 604 1339 808 1379; x_wconf 76' lang='lat' dir='ltr'>victoris?</span> <span class='ocrx_word' id='word_1_146' title='bbox 867 1338 1040 1387; x_wconf 82' lang='lat' dir='ltr'>Quanto</span> <span class='ocrx_word' id='word_1_147' title='bbox 1063 1339 1130 1378; x_wconf 85' lang='lat' dir='ltr'>hio</span> <span class='ocrx_word' id='word_1_148' title='bbox 1152 1339 1290 1378; x_wconf 88' lang='lat' dir='ltr'>maius</span> <span class='ocrx_word' id='word_1_149' title='bbox 1317 1344 1382 1379; x_wconf 90' lang='lat' dir='ltr'>est</span> <span class='ocrx_word' id='word_1_150' title='bbox 1410 1339 1524 1390; x_wconf 90' lang='lat' dir='ltr'>quod</span> 
     </span>
     <span class='ocr_line' id='line_1_19' title="bbox 126 1405 1526 1456; baseline 0 -12"><span class='ocrx_word' id='word_1_151' title='bbox 126 1406 418 1456; x_wconf 86' lang='lat' dir='ltr'>promittitur:</span> <span class='ocrx_word' id='word_1_152' title='bbox 489 1410 697 1456; x_wconf 85' lang='lat' dir='ltr'>perpetua</span> <span class='ocrx_word' id='word_1_153' title='bbox 753 1405 941 1453; x_wconf 84' lang='lat' dir='ltr'>libertas,</span> <span class='ocrx_word' id='word_1_154' title='bbox 998 1405 1154 1444; x_wconf 91' lang='lat' dir='ltr'>nullius</span> <span class='ocrx_word' id='word_1_155' title='bbox 1210 1419 1286 1445; x_wconf 80' lang='lat' dir='ltr'>neo</span> <span class='ocrx_word' id='word_1_156' title='bbox 1343 1405 1526 1445; x_wconf 90' lang='lat' dir='ltr'>hominis</span> 
     </span>
     <span class='ocr_line' id='line_1_20' title="bbox 126 1471 1526 1522; baseline -0.001 -10"><span class='ocrx_word' id='word_1_157' title='bbox 126 1485 202 1512; x_wconf 80' lang='lat' dir='ltr'>nee</span> <span class='ocrx_word' id='word_1_158' title='bbox 231 1472 299 1512; x_wconf 90' lang='lat' dir='ltr'>dei</span> <span class='ocrx_word' id='word_1_159' title='bbox 330 1472 471 1512; x_wconf 91' lang='lat' dir='ltr'>timor.</span> <span class='ocrx_word' id='word_1_160' title='bbox 533 1472 590 1511; x_wconf 88' lang='lat' dir='ltr'>Et</span> <span class='ocrx_word' id='word_1_161' title='bbox 621 1471 795 1522; x_wconf 90' lang='lat' dir='ltr'>quidem</span> <span class='ocrx_word' id='word_1_162' title='bbox 826 1471 892 1511; x_wconf 83' lang='lat' dir='ltr'>vel</span> <span class='ocrx_word' id='word_1_163' title='bbox 922 1472 1125 1512; x_wconf 86' lang='lat' dir='ltr'>esurienti</span> <span class='ocrx_word' id='word_1_164' title='bbox 1156 1472 1209 1511; x_wconf 87' lang='lat' dir='ltr'>ad</span> <span class='ocrx_word' id='word_1_165' title='bbox 1241 1472 1324 1511; x_wconf 86' lang='lat' dir='ltr'>ista</span> <span class='ocrx_word' id='word_1_166' title='bbox 1355 1473 1526 1511; x_wconf 87' lang='lat' dir='ltr'>venien-</span> 
     </span>
     <span class='ocr_line' id='line_1_21' title="bbox 126 1538 1571 1588; baseline -0.001 -10"><span class='ocrx_word' id='word_1_167' title='bbox 126 1538 230 1578; x_wconf 89' lang='lat' dir='ltr'>dum</span> <span class='ocrx_word' id='word_1_168' title='bbox 248 1543 325 1578; x_wconf 89' lang='lat' dir='ltr'>est.</span> <span class='ocrx_word' id='word_1_169' title='bbox 388 1538 580 1588; x_wconf 87' lang='lat' dir='ltr'>Perpessi</span> <span class='ocrx_word' id='word_1_170' title='bbox 599 1543 699 1578; x_wconf 90' lang='lat' dir='ltr'>sunt</span> <span class='ocrx_word' id='word_1_171' title='bbox 717 1538 930 1578; x_wconf 80' lang='lat' dir='ltr'>exereitus</span> <span class='ocrx_word' id='word_1_172' title='bbox 948 1538 1138 1588; x_wconf 87' lang='lat' dir='ltr'>inopiam</span> <span class='ocrx_word' id='word_1_173' title='bbox 1157 1538 1351 1577; x_wconf 90' lang='lat' dir='ltr'>omnium</span> <span class='ocrx_word' id='word_1_174' title='bbox 1370 1551 1523 1585; x_wconf 87' lang='lat' dir='ltr'>rerum,</span> <span class='ocrx_word' id='word_1_175' title='bbox 1554 1556 1571 1584; x_wconf 77' lang='grc' dir='ltr'><strong>γ</strong></span> 
     </span>
     <span class='ocr_line' id='line_1_22' title="bbox 125 1604 1526 1652; baseline 0.001 -8"><span class='ocrx_word' id='word_1_176' title='bbox 125 1605 327 1644; x_wconf 86' lang='lat' dir='ltr'>vixerunt</span> <span class='ocrx_word' id='word_1_177' title='bbox 371 1604 600 1644; x_wconf 88' lang='lat' dir='ltr'>herbarum</span> <span class='ocrx_word' id='word_1_178' title='bbox 645 1604 859 1645; x_wconf 80' lang='lat' dir='ltr'>radicibus</span> <span class='ocrx_word' id='word_1_179' title='bbox 902 1609 945 1645; x_wconf 93' lang='lat' dir='ltr'>et</span> <span class='ocrx_word' id='word_1_180' title='bbox 988 1604 1108 1644; x_wconf 75' lang='lat' dir='ltr'>dictu</span> <span class='ocrx_word' id='word_1_181' title='bbox 1152 1604 1300 1652; x_wconf 82' lang='lat' dir='ltr'>foedis,</span> <span class='ocrx_word' id='word_1_182' title='bbox 1334 1604 1526 1645; x_wconf 87' lang='lat' dir='ltr'>tulerunt</span> 
     </span>
     <span class='ocr_line' id='line_1_23' title="bbox 126 1671 1527 1723; baseline 0 -14"><span class='ocrx_word' id='word_1_183' title='bbox 126 1671 298 1710; x_wconf 87' lang='lat' dir='ltr'>famem.</span> <span class='ocrx_word' id='word_1_184' title='bbox 361 1671 478 1710; x_wconf 83' lang='lat' dir='ltr'>Haeo</span> <span class='ocrx_word' id='word_1_185' title='bbox 514 1671 658 1710; x_wconf 85' lang='lat' dir='ltr'>onmia</span> <span class='ocrx_word' id='word_1_186' title='bbox 694 1671 807 1721; x_wconf 90' lang='lat' dir='ltr'>passi</span> <span class='ocrx_word' id='word_1_187' title='bbox 843 1675 944 1710; x_wconf 90' lang='lat' dir='ltr'>sunt</span> <span class='ocrx_word' id='word_1_188' title='bbox 979 1684 1055 1723; x_wconf 79' lang='lat' dir='ltr'>pro</span> <span class='ocrx_word' id='word_1_189' title='bbox 1092 1684 1234 1721; x_wconf 82' lang='lat' dir='ltr'>regno,</span> <span class='ocrx_word' id='word_1_190' title='bbox 1271 1684 1356 1721; x_wconf 92' lang='lat' dir='ltr'>quo</span> <span class='ocrx_word' id='word_1_191' title='bbox 1392 1671 1527 1721; x_wconf 79' lang='lat' dir='ltr'>magis</span> 
     </span>
     <span class='ocr_line' id='line_1_24' title="bbox 127 1737 1525 1788; baseline 0 -12"><span class='ocrx_word' id='word_1_192' title='bbox 127 1737 302 1785; x_wconf 88' lang='lat' dir='ltr'>mireris,</span> <span class='ocrx_word' id='word_1_193' title='bbox 353 1737 512 1776; x_wconf 87' lang='lat' dir='ltr'>alieno:</span> <span class='ocrx_word' id='word_1_194' title='bbox 576 1737 797 1777; x_wconf 85' lang='lat' dir='ltr'>dubitabit</span> <span class='ocrx_word' id='word_1_195' title='bbox 847 1737 1001 1788; x_wconf 88' lang='lat' dir='ltr'>aliquis</span> <span class='ocrx_word' id='word_1_196' title='bbox 1049 1737 1156 1777; x_wconf 87' lang='lat' dir='ltr'>ferre</span> <span class='ocrx_word' id='word_1_197' title='bbox 1206 1742 1525 1787; x_wconf 86' lang='lat' dir='ltr'>paupertatem,</span> 
     </span>
     <span class='ocr_line' id='line_1_25' title="bbox 128 1803 1526 1853; baseline 0 -10"><span class='ocrx_word' id='word_1_198' title='bbox 128 1807 177 1843; x_wconf 89' lang='lat' dir='ltr'>ut</span> <span class='ocrx_word' id='word_1_199' title='bbox 212 1804 405 1843; x_wconf 89' lang='lat' dir='ltr'>animum</span> <span class='ocrx_word' id='word_1_200' title='bbox 440 1803 657 1842; x_wconf 84' lang='lat' dir='ltr'>furoribus</span> <span class='ocrx_word' id='word_1_201' title='bbox 693 1803 873 1843; x_wconf 83' lang='lat' dir='ltr'>liberet?</span> <span class='ocrx_word' id='word_1_202' title='bbox 932 1803 1030 1842; x_wconf 91' lang='lat' dir='ltr'>Non</span> <span class='ocrx_word' id='word_1_203' title='bbox 1065 1808 1129 1844; x_wconf 88' lang='lat' dir='ltr'>est</span> <span class='ocrx_word' id='word_1_204' title='bbox 1165 1816 1264 1853; x_wconf 82' lang='lat' dir='ltr'>ergo</span> <span class='ocrx_word' id='word_1_205' title='bbox 1300 1803 1417 1853; x_wconf 89' lang='lat' dir='ltr'>prius</span> <span class='ocrx_word' id='word_1_206' title='bbox 1453 1804 1526 1843; x_wconf 89' lang='lat' dir='ltr'>ad-</span> 
     </span>
     <span class='ocr_line' id='line_1_26' title="bbox 129 1869 1525 1920; baseline 0 -11"><span class='ocrx_word' id='word_1_207' title='bbox 129 1870 406 1920; x_wconf 89' lang='lat' dir='ltr'>quirendum:</span> <span class='ocrx_word' id='word_1_208' title='bbox 465 1869 561 1909; x_wconf 77' lang='lat' dir='ltr'>licet</span> <span class='ocrx_word' id='word_1_209' title='bbox 605 1870 658 1909; x_wconf 83' lang='lat' dir='ltr'>ad</span> <span class='ocrx_word' id='word_1_210' title='bbox 702 1869 1019 1920; x_wconf 87' lang='lat' dir='ltr'>philosophiam</span> <span class='ocrx_word' id='word_1_211' title='bbox 1061 1870 1193 1909; x_wconf 86' lang='lat' dir='ltr'>etiarn</span> <span class='ocrx_word' id='word_1_212' title='bbox 1235 1870 1324 1909; x_wconf 90' lang='lat' dir='ltr'>sine</span> <span class='ocrx_word' id='word_1_213' title='bbox 1367 1870 1525 1909; x_wconf 79' lang='lat' dir='ltr'>viatico</span> 
     </span>
     <span class='ocr_line' id='line_1_27' title="bbox 128 1935 1571 1986; baseline -0.002 -11"><span class='ocrx_word' id='word_1_214' title='bbox 128 1936 360 1986; x_wconf 87' lang='lat' dir='ltr'>pervenire.</span> <span class='ocrx_word' id='word_1_215' title='bbox 422 1936 492 1975; x_wconf 87' lang='lat' dir='ltr'>Ita</span> <span class='ocrx_word' id='word_1_216' title='bbox 522 1937 617 1975; x_wconf 86' lang='lat' dir='ltr'>est?</span> <span class='ocrx_word' id='word_1_217' title='bbox 675 1935 783 1975; x_wconf 87' lang='lat' dir='ltr'>Cum</span> <span class='ocrx_word' id='word_1_218' title='bbox 813 1936 957 1974; x_wconf 90' lang='lat' dir='ltr'>omnia</span> <span class='ocrx_word' id='word_1_219' title='bbox 988 1935 1202 1983; x_wconf 88' lang='lat' dir='ltr'>habueris,</span> <span class='ocrx_word' id='word_1_220' title='bbox 1235 1940 1338 1975; x_wconf 84' lang='lat' dir='ltr'>tunc</span> <span class='ocrx_word' id='word_1_221' title='bbox 1369 1935 1526 1975; x_wconf 90' lang='lat' dir='ltr'>habere</span> <span class='ocrx_word' id='word_1_222' title='bbox 1554 1944 1571 1972; x_wconf 83' lang='lat'><em>8</em></span> 
     </span>
     <span class='ocr_line' id='line_1_28' title="bbox 129 2001 1525 2053; baseline -0.001 -11"><span class='ocrx_word' id='word_1_223' title='bbox 129 2007 172 2042; x_wconf 91' lang='lat' dir='ltr'>et</span> <span class='ocrx_word' id='word_1_224' title='bbox 211 2003 468 2053; x_wconf 89' lang='lat' dir='ltr'>sapientiam</span> <span class='ocrx_word' id='word_1_225' title='bbox 503 2003 650 2042; x_wconf 85' lang='lat' dir='ltr'>voles?</span> <span class='ocrx_word' id='word_1_226' title='bbox 710 2003 827 2043; x_wconf 75' lang='lat' dir='ltr'>Haec</span> <span class='ocrx_word' id='word_1_227' title='bbox 861 2003 941 2041; x_wconf 90' lang='lat' dir='ltr'>erit</span> <span class='ocrx_word' id='word_1_228' title='bbox 975 2001 1178 2041; x_wconf 87' lang='lat' dir='ltr'>ultimum</span> <span class='ocrx_word' id='word_1_229' title='bbox 1211 2001 1327 2040; x_wconf 89' lang='lat' dir='ltr'>vitae</span> <span class='ocrx_word' id='word_1_230' title='bbox 1370 2002 1525 2042; x_wconf 90' lang='lat' dir='ltr'>instru-</span> 
     </span>
     <span class='ocr_line' id='line_1_29' title="bbox 129 2067 1526 2117; baseline -0.001 -10"><span class='ocrx_word' id='word_1_231' title='bbox 129 2074 324 2108; x_wconf 88' lang='lat' dir='ltr'>mentum</span> <span class='ocrx_word' id='word_1_232' title='bbox 342 2073 398 2117; x_wconf 87' lang='lat' dir='ltr'>et,</span> <span class='ocrx_word' id='word_1_233' title='bbox 417 2073 463 2108; x_wconf 90' lang='lat' dir='ltr'>ut</span> <span class='ocrx_word' id='word_1_234' title='bbox 483 2070 544 2109; x_wconf 89' lang='lat' dir='ltr'>ita</span> <span class='ocrx_word' id='word_1_235' title='bbox 561 2069 716 2116; x_wconf 79' lang='lat' dir='ltr'>dicam,</span> <span class='ocrx_word' id='word_1_236' title='bbox 735 2069 1116 2108; x_wconf 83' lang='lat' dir='ltr'>additamentum?</span> <span class='ocrx_word' id='word_1_237' title='bbox 1147 2068 1211 2106; x_wconf 91' lang='lat' dir='ltr'>Tu</span> <span class='ocrx_word' id='word_1_238' title='bbox 1229 2081 1329 2107; x_wconf 80' lang='lat' dir='ltr'>vero</span> <span class='ocrx_word' id='word_1_239' title='bbox 1347 2068 1436 2107; x_wconf 88' lang='lat' dir='ltr'>sive</span> <span class='ocrx_word' id='word_1_240' title='bbox 1453 2067 1526 2106; x_wconf 90' lang='lat' dir='ltr'>ali-</span> 
     </span>
     <span class='ocr_line' id='line_1_30' title="bbox 129 2134 1525 2186; baseline -0.001 -12"><span class='ocrx_word' id='word_1_241' title='bbox 129 2135 231 2186; x_wconf 89' lang='lat' dir='ltr'>quid</span> <span class='ocrx_word' id='word_1_242' title='bbox 263 2135 415 2175; x_wconf 86' lang='lat' dir='ltr'>habes:</span> <span class='ocrx_word' id='word_1_243' title='bbox 446 2135 531 2174; x_wconf 89' lang='lat' dir='ltr'>iam</span> <span class='ocrx_word' id='word_1_244' title='bbox 561 2135 873 2185; x_wconf 85' lang='lat' dir='ltr'>philosophare.</span> <span class='ocrx_word' id='word_1_245' title='bbox 936 2135 1059 2174; x_wconf 90' lang='lat' dir='ltr'>Unde</span> <span class='ocrx_word' id='word_1_246' title='bbox 1081 2135 1195 2174; x_wconf 90' lang='lat' dir='ltr'>enim</span> <span class='ocrx_word' id='word_1_247' title='bbox 1226 2134 1320 2182; x_wconf 74' lang='lat' dir='ltr'>scis,</span> <span class='ocrx_word' id='word_1_248' title='bbox 1354 2147 1409 2173; x_wconf 90' lang='lat' dir='ltr'>an</span> <span class='ocrx_word' id='word_1_249' title='bbox 1440 2135 1525 2173; x_wconf 88' lang='lat' dir='ltr'>iam</span> 
     </span>
     <span class='ocr_line' id='line_1_31' title="bbox 58 2200 1526 2252; baseline -0.001 -13"><span class='ocrx_word' id='word_1_250' title='bbox 58 2208 72 2213; x_wconf 61' lang='grc'><strong>“</strong></span> <span class='ocrx_word' id='word_1_251' title='bbox 130 2201 254 2240; x_wconf 88' lang='lat' dir='ltr'>nimis</span> <span class='ocrx_word' id='word_1_252' title='bbox 304 2201 494 2240; x_wconf 85' lang='lat' dir='ltr'>habeas?</span> <span class='ocrx_word' id='word_1_253' title='bbox 553 2201 650 2241; x_wconf 83' lang='lat' dir='ltr'>Sive</span> <span class='ocrx_word' id='word_1_254' title='bbox 701 2200 826 2240; x_wconf 89' lang='lat' dir='ltr'>nihil:</span> <span class='ocrx_word' id='word_1_255' title='bbox 892 2200 971 2240; x_wconf 84' lang='lat' dir='ltr'>hoo</span> <span class='ocrx_word' id='word_1_256' title='bbox 1021 2201 1137 2251; x_wconf 91' lang='lat' dir='ltr'>prius</span> <span class='ocrx_word' id='word_1_257' title='bbox 1188 2214 1344 2251; x_wconf 91' lang='lat' dir='ltr'>quaere</span> <span class='ocrx_word' id='word_1_258' title='bbox 1395 2214 1526 2252; x_wconf 88' lang='lat' dir='ltr'>quam</span> 
     </span>
     <span class='ocr_line' id='line_1_32' title="bbox 130 2267 1572 2318; baseline -0.001 -12"><span class='ocrx_word' id='word_1_259' title='bbox 130 2267 375 2318; x_wconf 83' lang='lat' dir='ltr'>quicquam.</span> <span class='ocrx_word' id='word_1_260' title='bbox 435 2267 514 2306; x_wconf 81' lang='lat' dir='ltr'>‘At</span> <span class='ocrx_word' id='word_1_261' title='bbox 571 2267 806 2307; x_wconf 81' lang='lat' dir='ltr'>necessaria</span> <span class='ocrx_word' id='word_1_262' title='bbox 861 2267 1071 2306; x_wconf 89' lang='lat' dir='ltr'>deerunt.’</span> <span class='ocrx_word' id='word_1_263' title='bbox 1133 2267 1325 2306; x_wconf 90' lang='lat' dir='ltr'>Primum</span> <span class='ocrx_word' id='word_1_264' title='bbox 1381 2267 1525 2306; x_wconf 89' lang='lat' dir='ltr'>deesse</span> <span class='ocrx_word' id='word_1_265' title='bbox 1553 2279 1572 2305; x_wconf 77' lang='grc'><strong>9</strong></span> 
     </span>
     <span class='ocr_line' id='line_1_33' title="bbox 130 2333 1525 2388; baseline -0.001 -16"><span class='ocrx_word' id='word_1_266' title='bbox 130 2346 217 2372; x_wconf 92' lang='lat' dir='ltr'>non</span> <span class='ocrx_word' id='word_1_267' title='bbox 239 2337 458 2384; x_wconf 88' lang='lat' dir='ltr'>poterunt,</span> <span class='ocrx_word' id='word_1_268' title='bbox 482 2334 583 2384; x_wconf 91' lang='lat' dir='ltr'>quia</span> <span class='ocrx_word' id='word_1_269' title='bbox 604 2337 760 2373; x_wconf 88' lang='lat' dir='ltr'>natura</span> <span class='ocrx_word' id='word_1_270' title='bbox 782 2333 1008 2373; x_wconf 89' lang='lat' dir='ltr'>minimum</span> <span class='ocrx_word' id='word_1_271' title='bbox 1030 2334 1154 2384; x_wconf 89' lang='lat' dir='ltr'>petit,</span> <span class='ocrx_word' id='word_1_272' title='bbox 1177 2338 1357 2388; x_wconf 80' lang='lat' dir='ltr'>naturae</span> <span class='ocrx_word' id='word_1_273' title='bbox 1379 2338 1525 2373; x_wconf 88' lang='lat' dir='ltr'>autem</span> 
     </span>
    </p>
   </div>
  </div>
 </body>
</html>
