1667 2524
397 120 464 153 AD
498 119 743 153 LUCILIUM
778 118 1023 152 EPISTULA
1057 118 1202 151 LXXX
1437 112 1490 154 93

92 239 268 287 bonum,
306 243 449 278 tecum
485 242 562 278 est.
625 237 735 286 Quid
773 237 852 277 tibi
889 250 995 287 opus
1030 241 1109 285 est,
1146 240 1194 276 ut
1231 236 1286 276 sis
1322 236 1491 276 bonus?
1517 249 1536 274 4

93 305 221 345 Velle.
283 304 393 353 Quid
429 308 576 344 autem
611 303 760 343 melius
794 308 916 354 potes
950 303 1056 343 velle
1091 316 1221 353 quam
1254 302 1414 352 eripere
1448 306 1490 342 te

93 370 189 411 huic
219 370 432 418 servituti,
463 383 573 421 quae
603 383 749 410 omnes
780 369 950 420 premity
981 382 1112 420 quam
1143 368 1357 419 mancipia
1387 381 1491 419 quo-

92 450 174 488 que
209 436 468 477 condicionis
501 440 718 476 extremae
752 440 795 476 et
829 436 873 474 in
907 435 971 475 his
1005 435 1201 475 sordibus
1235 438 1340 474 nata
1374 434 1489 473 omni

93 503 220 543 modo
243 516 396 543 exuere
421 504 664 543 conantur?
723 501 942 542 Peculium
965 515 1105 550 suum,
1130 501 1245 552 quod
1271 514 1492 551 compara-

92 574 247 610 verunt
285 574 434 609 ventre
471 569 687 617 fraudato,
725 582 802 619 pro
839 568 979 619 capite
1016 572 1267 608 numerant:
1308 571 1368 616 >tu
1405 580 1491 606 non

92 635 364 686 concupisces
399 635 739 686 quanticumque
775 635 829 675 ad
866 635 1111 675 libertatem
1146 633 1381 685 pervenire,
1418 633 1491 684 qui

91 706 134 743 te
163 702 207 741 in
236 702 306 741 illa
336 707 464 753 putas
494 703 677 741 natum?
737 701 848 751 Quid
879 702 933 742 ad
964 714 1107 741 arcam
1137 705 1259 741 tuam
1290 700 1492 751 respicis?
1518 711 1538 740 5

92 768 190 808 Emi
222 782 307 807 non
340 773 496 819 potest.
558 769 712 819 Itaque
745 768 788 807 in
820 768 992 808 tabulas
1025 781 1187 807 vanum
1220 767 1399 808 coicitur
1418 779 1493 806 no-

94 848 190 876 men
226 834 450 883 libertatis,
487 848 618 886 quam
654 848 729 875 nec
766 834 839 885 qui
874 838 1086 883 emerunt,
1123 833 1284 874 habent
1321 847 1396 874 nec
1419 832 1492 885 qui

93 901 401 949 vendiderunt:
449 901 528 941 tibi
561 902 635 941 des
668 906 838 951 oportet
871 901 987 941 istud
1021 901 1198 949 bonum,
1221 914 1246 940 a
1278 905 1320 941 te
1353 904 1490 950 petas.

95 968 246 1008 Libera
266 972 308 1008 te
330 968 515 1018 primum
538 973 655 1008 metu
678 968 848 1007 mortis:
884 968 955 1007 illa
976 968 1098 1008 nobis
1119 968 1266 1018 iugum
1287 967 1471 1017 imponit
1484 980 1493 1016 ;

92 1034 245 1074 deinde
273 1038 391 1074 metu
418 1034 701 1084 paupertatis.
763 1034 805 1074 Si
832 1034 896 1074 vis
922 1034 1041 1083 scire,
1064 1047 1196 1085 quam
1223 1033 1327 1073 nihil
1354 1033 1397 1072 in
1423 1033 1494 1073 illa
1521 1047 1541 1075 6

94 1101 194 1140 mali
223 1101 292 1149 sit,
324 1114 526 1151 compara
555 1101 667 1141 inter
695 1114 737 1141 se
768 1114 1006 1151 pauperum
1035 1105 1078 1141 et
1108 1100 1295 1141 divitum
1325 1100 1494 1140 vultus:

93 1167 262 1218 saepius
289 1181 453 1218 pauper
479 1172 521 1208 et
550 1168 716 1207 fidelius
745 1167 875 1216 ridet;
919 1168 1036 1207 nulla
1063 1167 1306 1208 sollicitudo
1334 1167 1377 1206 in
1406 1167 1494 1207 alto

93 1240 179 1281 est;
221 1234 352 1275 etiam
380 1235 413 1274 si
441 1248 527 1285 qua
554 1234 703 1274 incidit
732 1248 846 1279 cura,
875 1235 993 1274 velut
1022 1235 1157 1274 nubes
1185 1234 1289 1274 levis
1316 1234 1494 1274 transit:

95 1302 261 1351 horum,
300 1303 372 1354 qui
409 1303 550 1343 felices
587 1307 813 1349 vocantur,
851 1302 1044 1342 hilaritas
1080 1303 1182 1342 ficta
1218 1306 1282 1342 est
1321 1306 1365 1341 at
1402 1314 1495 1351 gra-

94 1369 158 1409 vis
185 1374 228 1409 et
257 1374 496 1420 suppurata
524 1369 716 1417 tristitia,
744 1382 794 1409 eo
823 1369 996 1419 quidem
1024 1369 1208 1418 gravior,
1238 1368 1339 1419 quia
1366 1368 1496 1408 inter-

94 1435 198 1475 dum
234 1449 319 1474 non
354 1436 451 1476 licet
487 1436 630 1486 palam
665 1449 755 1475 esse
791 1435 978 1484 miseros,
1015 1436 1087 1475 sed
1123 1435 1236 1475 inter
1270 1447 1497 1475 aerumnas

96 1515 168 1542 cor
210 1502 349 1552 ipsum
394 1503 625 1542 exedentes
670 1515 838 1542 necesse
882 1506 946 1541 est
992 1515 1115 1552 agere
1159 1501 1337 1542 felicem.
1399 1501 1498 1541 Sae-
1524 1509 1542 1539 7

96 1568 191 1618 pius
215 1567 293 1608 hoc
318 1568 516 1619 exemplo
542 1568 644 1607 mihi
669 1569 880 1608 utendum
905 1572 984 1617 est,
1010 1582 1085 1608 nec
1110 1568 1223 1608 enim
1248 1568 1335 1607 ullo
1358 1567 1498 1608 effica-

97 1634 185 1674 cius
225 1634 483 1685 exprimitur
523 1634 589 1675 hic
632 1634 847 1675 humanae
889 1634 1005 1674 vitae
1048 1634 1217 1683 mimus,
1260 1634 1333 1686 qui
1375 1633 1498 1675 nobis

97 1704 254 1751 partes,
286 1714 393 1752 quas
424 1701 534 1741 male
576 1714 767 1751 agamus,
800 1700 1019 1751 adsignat:
1054 1701 1136 1749 ille,
1168 1701 1241 1752 qui
1271 1701 1314 1740 in
1344 1713 1499 1741 scaena

97 1767 210 1807 latus
240 1767 398 1808 incedit
429 1772 471 1808 et
503 1767 606 1808 haec
638 1760 860 1818 resupinus
889 1768 1008 1816 dicit,

239 1864 327 1903 ‘En
356 1864 519 1915 impero
550 1864 694 1915 Argis:
726 1878 854 1915 regna
885 1864 987 1904 mihi
1018 1864 1143 1916 liquit
1174 1865 1342 1915 Pelops,

264 1944 349 1982 qua
378 1935 512 1981 ponto
542 1931 596 1971 ab
627 1931 770 1971 Helles
801 1935 931 1982 atque
962 1931 1015 1971 ab
1039 1931 1160 1982 Ionio
1191 1931 1297 1971 mari

264 2002 441 2047 urgetur
469 1997 688 2045 Isthmos,’

100 2108 248 2136 servus
276 2100 356 2145 est⁷
387 2096 577 2148 quinque
608 2096 773 2136 modios
799 2096 953 2148 accipit
985 2101 1027 2137 et
1060 2096 1249 2148 quinque
1281 2096 1498 2145 denarios;

82 2161 168 2208 ,ille
189 2162 262 2213 qui
284 2163 492 2213 superbus
514 2167 645 2214 atque
667 2163 882 2214 impotens
899 2168 941 2204 et
959 2163 1116 2204 fiducia
1133 2163 1289 2204 virium
1306 2163 1499 2204 tumidus
1527 2178 1547 2206 8

102 2228 184 2268 ait:

209 2295 353 2344 ‘Quod
377 2295 456 2335 nisi
479 2295 648 2347 quieris,
672 2296 876 2344 Menelae‚
903 2295 981 2336 hac
1008 2296 1162 2336 dextra
1188 2296 1388 2344 occides‚'
