1667 2524
379 114 447 147 AD
480 113 745 148 POLYBIUM
780 113 846 146 DE
879 113 1264 147 CONSOLATIONE
1471 110 1521 151 21

123 233 307 284 lugentis
347 245 534 272 sororem
576 232 668 272 alea
708 232 913 272 solacium
955 232 1062 271 fuit!
1121 231 1243 272 Idem
1284 232 1351 272 ille
1392 232 1523 272 Gaius

123 299 283 339 furiosa
329 298 622 339 inconstantia
670 299 798 338 modo
845 298 1025 338 barbam
1075 298 1362 349 capillumque
1410 311 1524 338 sum-

124 365 300 405 mittens
362 365 489 405 modo
554 364 703 404 Italiae
764 379 812 421 ac
874 364 1038 404 Siciliae
1101 378 1195 404 oras
1255 365 1523 404 errabundus

123 431 380 483 permetiens
406 436 449 471 et
478 444 716 482 numquam
744 431 848 470 satis
876 436 1031 479 certus,
1059 435 1206 470 utrum
1235 431 1366 481 lugeri
1394 431 1521 471 vellet

122 512 178 538 an
213 498 292 538 coli
327 511 529 545 sororem,
564 498 715 537 eodem
751 497 867 536 omni
902 502 1109 548 tempore,
1147 511 1232 548 quo
1268 497 1430 548 templa
1464 497 1523 537 illi

122 564 416 605 constituebat
439 577 487 604 ac
511 563 767 615 pulvinaria,
791 577 862 603 eos
886 564 959 615 qui
982 577 1135 614 parum
1161 564 1313 604 maesti
1336 564 1521 613 fuerant,

122 630 414 671 crudelissima
466 630 695 671 adficiebat
749 630 1119 670 animadversione
1131 644 1140 679 ;
1207 631 1357 670 eadem
1408 631 1522 671 enim

121 696 373 748 intemperie
410 696 542 736 animi
579 697 857 737 adversarum
896 710 1035 736 rerum
1072 696 1183 736 ictus
1219 697 1399 746 ferebat,
1437 710 1523 748 qua

121 764 407 804 secundarum
433 763 572 803 elatus
598 768 759 803 eventu
786 776 914 813 super
940 762 1178 802 humanum
1206 763 1520 803 intumescebat

122 830 312 870 modum.
374 829 525 869 Procul
559 829 675 869 istud
711 829 957 879 exemplum
992 829 1046 869 ab
1082 829 1199 868 omni
1234 830 1432 869 Romano
1466 830 1520 869 sit

121 896 227 945 viro,
252 896 417 936 luctum
441 909 567 935 suum
593 900 668 935 aut
692 895 1009 946 intempestivis
1033 909 1233 936 sevocare
1258 895 1420 935 lusibus
1445 900 1520 936 aut

120 962 310 1002 sordium
343 976 390 1002 ac
423 962 631 1013 squaloris
663 962 872 1002 foeditate
904 962 1079 1002 inritare
1112 967 1187 1002 aut
1221 962 1367 1002 alienis
1400 963 1522 1002 malis

121 1029 335 1069 oblectare
368 1028 541 1069 minime
574 1028 765 1068 humano
796 1029 965 1069 solacio.

176 1096 344 1135 XVIII.
387 1095 482 1135 Tibi
524 1109 625 1135 vero
667 1095 771 1134 nihil
813 1109 865 1135 ex
909 1096 1217 1136 consuetudine
1262 1096 1520 1136 mutandum

118 1166 184 1202 est
206 1166 297 1210 tua,
320 1161 524 1213 quoniam
547 1162 720 1213 quidem
742 1175 793 1202 ea
813 1162 1041 1202 instituisti
1064 1176 1207 1202 amare
1229 1163 1387 1211 studia,
1411 1176 1521 1214 quae

118 1233 162 1268 et
211 1228 372 1279 optime
419 1228 670 1268 felicitatem
718 1229 933 1268 extollunt
981 1234 1023 1268 et
1072 1229 1270 1269 facillime
1320 1229 1520 1269 minuunt

120 1294 414 1335 calamitatem
457 1295 694 1345 eademque
738 1299 781 1335 et
826 1300 1081 1335 ornamenta
1126 1295 1315 1335 maxima
1358 1295 1521 1335 homini

119 1366 220 1401 sunt
242 1366 284 1401 et
307 1360 476 1401 solacia.
522 1361 623 1411 [37]
665 1362 788 1401 Nunc
806 1361 953 1412 itaque
977 1366 1019 1401 te
1037 1362 1191 1401 studiis
1209 1362 1295 1401 tuis
1318 1362 1520 1412 immerge

119 1427 262 1476 altius,
297 1439 409 1467 nunc
444 1427 515 1467 illa
548 1428 628 1467 tibi
663 1428 781 1467 velut
818 1428 1087 1468 munimenta
1122 1428 1253 1467 animi
1288 1429 1519 1477 circumda,

119 1507 171 1534 ne
206 1507 258 1534 ex
293 1494 380 1533 ulla
414 1493 479 1533 tui
515 1499 636 1544 parte
672 1494 865 1534 inveniat
901 1494 1128 1534 introitum
1164 1495 1297 1534 dolor.
1359 1495 1521 1534 Fratris

119 1560 390 1611 quoque-tui
425 1561 587 1610 produc
625 1560 875 1600 memoriam
912 1560 1056 1611 aliquo
1092 1561 1349 1611 scriptorum
1387 1562 1522 1601 moni-

119 1631 266 1667 mento
300 1631 496 1676 tuorum;
548 1626 625 1667 hoc
661 1627 775 1667 enim
810 1640 945 1666 unum
980 1632 1043 1668 est
1079 1628 1127 1667 in
1162 1628 1287 1667 rebus
1322 1627 1521 1668 humanis

118 1706 240 1744 opus,
274 1693 341 1733 cui
373 1693 490 1733 nulla
522 1698 760 1744 tempestas
793 1698 960 1742 noceat,
995 1694 1110 1745 quod
1144 1694 1261 1734 nulla
1294 1698 1520 1734 consumat

119 1763 328 1800 vetustas.
389 1760 553 1808 Cetera,
592 1773 702 1811 quae
739 1773 813 1810 per
848 1761 1213 1800 constructionem
1250 1761 1442 1811 lapidum
1478 1765 1520 1801 et

119 1838 379 1866 marmoreas
410 1826 541 1866 moles
563 1831 639 1866 aut
670 1831 861 1866 terrenos
891 1827 1082 1866 tumulos
1100 1827 1143 1865 in
1163 1837 1376 1877 magnam·
1395 1828 1522 1868 educ-

118 1896 187 1932 tos
219 1892 496 1933 altitudinem
528 1897 745 1941 constant,
779 1907 865 1932 non
905 1898 1146 1943 propagant
1187 1894 1359 1944 longam
1392 1894 1520 1943 diem,

118 1958 278 2010 quippe
304 1963 346 1999 et
373 1959 466 2009 ipsa
492 1959 732 1999 intereunt:
777 1959 1032 1999 immortalis
1049 1964 1113 1999 est
1132 1959 1274 2009 ingeni
1302 1960 1519 2000 memoria.

120 2025 244 2066 Hanc
276 2029 325 2065 tu
356 2024 479 2065 fratri
510 2030 587 2065 tuo
618 2025 782 2076 largire,
814 2026 857 2064 in
889 2025 967 2066 hac
999 2039 1097 2065 eum
1130 2026 1324 2075 conloca;
1373 2026 1522 2066 melius

118 2091 237 2131 illum
274 2092 482 2132 duraturo
518 2105 685 2142 semper
721 2092 987 2132 consecrabis
1024 2092 1194 2142 ingenio
1225 2106 1357 2143 quam
1393 2093 1522 2133 inrito

119 2158 263 2198 dolore
316 2157 490 2208 lugebis.
553 2158 677 2207 Quod
731 2159 784 2198 ad
838 2158 975 2209 ipsam
1029 2159 1267 2198 Fortunam
1296 2159 1521 2209 pertinet,

119 2223 251 2263 etiam
275 2223 309 2263 si
333 2237 445 2264 nunc
471 2223 537 2274 agi
562 2224 677 2274 apud
701 2229 745 2264 te
770 2238 898 2264 causa
921 2224 1010 2264 eius
1034 2238 1120 2264 non
1144 2229 1287 2275 potest
1309 2248 1363 2252 -
1378 2225 1522 2264 omnia

119 2289 233 2329 enim
262 2289 347 2338 illa,
378 2303 488 2341 quae
517 2290 640 2330 nobis
669 2290 803 2339 dedit,
834 2291 888 2330 ob
919 2290 997 2331 hoc
1027 2291 1182 2341 ipsum,
1214 2291 1329 2342 quod
1360 2291 1521 2342 aliquid

1555 247 1573 274 5

1552 1512 1570 1540 [Ο
