1667 2524
143 129 194 172 18
576 132 616 165 L.
651 132 846 166 ANNAEI
879 131 1106 166 SENECAE

139 259 296 295 natura
321 254 492 306 lugendi
518 253 818 294 necessitatem
845 252 1039 302 abstulit,
1067 253 1134 293 cui
1161 252 1325 293 caelum
1351 253 1540 293 destina-

140 326 275 369 verat,
314 321 446 360 immo
485 333 585 360 vero
622 320 737 360 idem
776 319 892 358 omni
930 333 1086 369 generet
1119 319 1318 359 orbitatis
1356 323 1541 359 vexatus

140 387 292 427 sororis
340 387 475 426 filium
523 385 779 426 successioni
826 390 1133 436 praeparatum
1182 399 1283 425 suae
1332 385 1540 436 perdidit;

140 454 322 505 denique
349 467 400 493 ne
427 453 614 503 singulos
640 452 729 492 eius
756 452 897 492 luctus
923 465 1183 501 enumerem,
1210 457 1252 492 et
1274 465 1450 502 generos
1470 451 1539 491 ille

140 520 281 560 amisit
312 525 354 560 et
384 520 537 560 liberos
566 524 609 560 et
639 524 831 570 nepotes,
863 533 910 559 ac
941 532 1067 559 nemo
1097 519 1231 569 magis
1259 533 1313 559 ex
1343 519 1542 559 omnibus

140 586 394 626 mortalibus
430 586 647 626 hominem
683 599 772 626 esse
808 599 866 634 se,
902 586 1007 626 dum
1042 585 1155 625 inter
1197 585 1391 625 homines
1433 590 1540 634 erat,

140 653 282 693 sensit.
344 653 507 693 Tamen
530 658 597 693 tot
621 658 856 703 tantosque
880 652 1022 692 luctus
1046 652 1158 702 cepit
1183 665 1324 692 rerum
1348 652 1541 691 omnium

141 720 467 770 capacissimum
496 719 586 759 eius
615 724 766 770 pectus
796 719 1020 769 victorque
1049 718 1176 758 divus
1206 719 1427 768 Augustus
1456 731 1542 758 non

139 786 333 838 gentium
374 786 681 826 tantummodo
722 790 1013 833 externarum,
1056 785 1129 825 sed
1171 785 1302 825 etiam
1345 785 1542 825 dolorum

91 867 111 894 4
140 853 234 894 fuit.
296 853 427 893 Gaius
465 853 632 901 Caesar,
672 852 762 892 divi
801 851 998 901 Augusti,
1021 851 1223 891 avunculi
1263 851 1344 891 mei
1384 851 1541 901 magni,

140 933 285 970 nepos,
314 919 424 959 circa
450 919 609 969 primos
635 918 838 958 iuventae
865 931 966 958 suae
994 931 1129 957 annos
1158 918 1336 957 Lucium
1364 918 1542 958 fratrem

143 986 406 1025 carissimum
445 985 525 1025 sibi
563 985 760 1035 princeps
797 984 1038 1024 iuventutis
1077 984 1313 1035 principem
1351 984 1542 1024 eiusdem

141 1052 380 1092 iuventutis
415 1052 557 1091 amisit
590 1051 635 1090 in
669 1056 883 1102 apparatu
919 1050 1108 1091 Parthici
1141 1051 1239 1090 belli
1271 1055 1314 1090 et
1349 1050 1543 1101 graviore

143 1119 280 1158 multo
322 1118 454 1158 animi
496 1118 667 1158 volnere
710 1130 841 1168 quam
884 1122 1034 1168 postea
1077 1117 1263 1168 corporis
1304 1117 1415 1157 ictus
1456 1122 1520 1158 est
1533 1130 1543 1166 ;

93 1201 113 1230 5
143 1185 259 1237 quod
287 1190 520 1235 utrumque
550 1188 592 1224 et
623 1184 810 1234 piissime
840 1184 953 1223 idem
983 1188 1025 1223 et
1056 1183 1285 1224 fortissime
1315 1183 1432 1237 tulitz
1476 1184 1541 1223 Ti.

142 1252 297 1292 Caesar
316 1256 497 1302 patruus
519 1264 638 1291 meus
660 1251 848 1289 Drusum
870 1250 1173 1290 Germanicum
1194 1255 1362 1300 patrem
1385 1263 1542 1299 meum,

142 1318 349 1358 minorem
374 1322 481 1357 natu
506 1330 637 1368 quam
662 1317 751 1367 ipse
775 1322 866 1357 erat
891 1317 1084 1365 fratrem,
1109 1316 1264 1356 intima
1288 1317 1543 1357 Germaniae

142 1385 432 1425 recludentem
463 1389 505 1424 et
537 1388 685 1434 gentes
715 1383 999 1423 ferocissimas
1030 1384 1229 1422 Romano
1259 1383 1542 1424 subicientem

142 1450 319 1502 imperio
350 1450 395 1489 in
429 1450 656 1500 complexu
689 1454 732 1490 et
766 1450 809 1488 in
844 1450 997 1489 osculis
1031 1449 1117 1489 suis
1152 1449 1316 1489 amisit:
1366 1450 1543 1489 modum

142 1522 290 1557 tamen
330 1517 502 1567 lugendi
538 1530 623 1555 non
655 1516 735 1556 sibi
765 1521 940 1556 tantum
972 1516 1043 1556 sed
1076 1516 1208 1556 etiam
1240 1516 1331 1555 aliis
1362 1515 1462 1556 fecit
1495 1529 1543 1556 ac

143 1589 286 1624 totum
305 1583 541 1624 exercitum
562 1596 648 1622 non
667 1583 805 1622 solum
826 1587 1039 1622 maestum
1059 1582 1131 1622 sed
1152 1582 1284 1622 etiam
1305 1582 1543 1622 attonitum

145 1664 296 1702 corpus
336 1650 463 1689 Drusi
502 1649 567 1689 sui
606 1649 686 1689 sibi
725 1649 1020 1689 vindicantem
1061 1649 1114 1688 ad
1156 1661 1317 1688 morem
1357 1648 1545 1688 Romani

143 1717 283 1757 luctus
324 1716 484 1766 redegit
526 1715 822 1766 iudicavitque
863 1728 949 1754 non
990 1714 1205 1754 militandi
1245 1719 1421 1755 tantum
1460 1714 1545 1755 dis-

145 1783 346 1834 ciplinam
381 1796 470 1823 esse
509 1783 767 1822 servandam
806 1782 878 1822 sed
917 1781 1049 1821 etiam
1087 1781 1272 1821 dolendi.
1335 1782 1433 1821 Non
1470 1794 1545 1832 po-

144 1850 296 1889 tuisset
328 1849 396 1889 ille
429 1849 626 1889 lacrimas
660 1848 819 1889 alienas
853 1861 1133 1899 compescere,
1168 1847 1249 1888 nisi
1281 1848 1398 1899 prius
1430 1861 1546 1899 pres-

144 1916 267 1956 sisset
288 1929 398 1955 suas.

98 1994 113 2021 1
199 1982 318 2021 XVI.
365 1983 466 2032 [35]
507 1983 561 2021 M.
596 1982 810 2022 Antonius
843 1995 949 2022 avus
982 1994 1114 2029 meus,
1147 1981 1264 2021 nullo
1297 1981 1436 2020 minor
1465 1980 1545 2020 nisi

143 2062 194 2088 eo
219 2062 243 2088 a
269 2062 354 2099 quo
380 2048 521 2088 victus
545 2053 624 2096 est,
651 2053 754 2088 tunc
782 2061 878 2088 cum
906 2061 993 2087 rem
1020 2047 1236 2098 publicam
1264 2047 1544 2087 constitueret

143 2120 185 2155 et
216 2115 473 2154 triumvirali
504 2120 720 2165 potestate
750 2114 971 2165 praeditus
1001 2114 1103 2153 nihil
1133 2127 1263 2164 supra
1288 2128 1334 2154 se
1364 2114 1544 2162 videret,

143 2181 334 2231 exceptis
373 2195 474 2220 vero
512 2181 681 2221 duobus
720 2181 888 2230 collegis
928 2181 1071 2220 omnia
1109 2180 1220 2220 infra
1258 2194 1301 2220 se
1340 2184 1544 2227 cerneret,

97 2265 116 2292 2
146 2248 322 2287 fratrem
355 2247 632 2287 intcrfcctum
667 2247 846 2287 audivit.
909 2248 1102 2286 Fortuna
1134 2246 1364 2297 impotens,
1399 2246 1545 2297 quales

144 2328 196 2354 ex
220 2313 419 2353 humanis
443 2313 564 2353 malis
587 2313 666 2353 tibi
689 2314 781 2364 ipsa
804 2313 926 2353 ludos
948 2313 1076 2353 facis!
1137 2313 1200 2352 Eo
1222 2312 1314 2363 ipso
1337 2317 1544 2362 tempore,
