1667 2524
594 114 1067 149 APOCOLOCYNTOSIS

1488 111 1512 151 to

1520 110 1544 152 κΙ

319 235 414 286 plus
442 235 568 275 solito
596 247 749 275 nevere
779 247 932 274 manus
962 233 1237 285 humanaque
1267 234 1359 274 fata

260 317 292 342 20
321 301 547 342 laudatum
567 301 832 341 transcendit
854 314 972 351 opus.
1045 301 1130 340 ‘Ne
1150 300 1324 349 demite,
1354 300 1543 349 Parcae‚'

321 367 518 408 Phoebus
548 367 607 407 ait
637 367 804 407 ‘vincat
835 366 1027 406 mortalis
1055 371 1254 417 tempora
1289 366 1406 407 vitae

320 433 387 475 ille
414 433 518 473 mihi
543 433 690 473 similis
716 433 842 473 vultu
868 433 1101 484 similisque
1127 433 1279 474 decore

320 514 395 541 nec
414 505 550 558 cantu
562 514 637 540 nec
656 513 759 540 voce
778 499 927 539 minor.
989 499 1145 540 Felicia
1162 499 1282 540 lassis

321 567 488 608 saecula
513 566 750 618 praestabit
778 566 1004 617 legumque
1030 566 1199 606 silentia
1225 571 1410 617 rumpet.

321 633 467 683 Qualis
495 633 729 674 discutiens
758 632 968 683 fugientia
999 632 1168 673 Lucifer
1196 637 1312 672 astra

322 705 396 740 aut
423 699 559 751 qualis
584 699 718 750 surgit
745 699 1025 739 redeuntibus
1050 699 1267 750 Hesperus
1292 698 1431 748 astris,

322 766 471 819 qualis,
493 780 589 807 cum
610 766 795 816 primum
815 765 1003 805 tenebris
1022 766 1188 805 Aurora
1206 765 1356 805 solutis

320 832 490 873 induxit
524 832 764 872 rubicunda
794 832 922 880 diem,
956 832 1025 872 Sol
1058 831 1208 882 aspicit
1241 832 1387 872 orbem

322 899 485 939 lucidus
511 903 553 939 et
582 898 741 949 primos
768 912 793 938 a
820 912 985 938 carcere
1013 898 1202 938 concitat
1230 911 1352 938 axes:

266 981 301 1007 80
329 965 425 1005 talis
446 965 600 1005 Caesar
621 965 756 1013 adest,
777 965 908 1005 talem
929 965 1015 1004 iam
1037 965 1177 1004 Roma
1199 964 1410 1004 Neronem

323 1031 512 1082 aspiciet.
573 1031 746 1081 Flagrat
777 1031 938 1071 nitidus
967 1031 1128 1081 fulgore
1158 1031 1331 1071 remisso

320 1098 467 1138 vultus
496 1102 539 1138 et
571 1097 723 1138 adfuso
754 1097 897 1137 cervix
927 1097 1115 1137 formosa
1145 1097 1326 1147 capillo’

137 1209 255 1250 Haec
287 1209 453 1260 Apollo.
514 1209 571 1248 At
605 1207 817 1256 Lachesis,
850 1221 960 1259 quae
991 1212 1033 1248 et
1065 1208 1158 1258 ipsa
1188 1207 1351 1247 homini
1381 1208 1538 1247 formo·
1569 1224 1588 1252 2

136 1275 301 1315 sissimo
322 1275 501 1323 faveret,
523 1275 624 1315 fecit
654 1270 766 1314 illud
790 1262 916 1325 plena
947 1288 1093 1322 manu,
1116 1279 1158 1314 et
1191 1274 1349 1314 Neroni
1379 1274 1538 1314 multos

136 1354 272 1382 annos
294 1342 348 1382 de
371 1354 449 1381 suo
472 1342 620 1381 donat.
681 1341 909 1381 Claudium
934 1345 1080 1381 autem
1105 1340 1254 1380 iubent
1280 1353 1426 1380 omnes

362 1440 605 1497 χαίροντας,
628 1440 917 1494 εὐφημοῦντας
940 1439 1175 1491 ἐκπέμπειν
1197 1438 1336 1490 δόμων

137 1557 192 1596 Et
231 1556 298 1597 ille
337 1555 509 1607 quidem
549 1555 737 1595 animam
775 1555 954 1604 ebulliit,
986 1560 1028 1596 et
1067 1569 1120 1596 ex
1157 1568 1207 1595 eo
1237 1555 1362 1595 desiit
1393 1555 1537 1596 vivere

136 1623 282 1663 videri.
343 1622 591 1673 Exspiravit
624 1626 769 1679 autem
800 1622 904 1662 dum
937 1622 1163 1662 comoedos
1194 1622 1330 1670 audit,
1352 1626 1401 1662 ut
1429 1622 1537 1663 scias

136 1703 203 1746 me
236 1702 323 1728 non
355 1682 444 1729 sine
478 1687 607 1729 causa
639 1681 732 1728 illos
765 1688 929 1729 timere.
991 1688 1156 1733 Ultima
1190 1702 1276 1728 vox
1309 1688 1398 1728 eius
1432 1687 1535 1728 haec
1568 1702 1587 1729 3

136 1756 248 1795 inter
269 1754 462 1795 homines
486 1755 636 1795 audita
659 1759 738 1803 est⁷
763 1768 860 1795 cum
886 1754 1089 1794 maiorem
1113 1754 1303 1794 sonitum
1327 1754 1535 1794 emisisset

136 1821 207 1860 illa
237 1825 373 1872 parte,
405 1834 491 1872 qua
520 1820 686 1861 facilius
716 1821 994 1872 loquebatur:
1041 1821 1142 1861 ‘vae
1173 1834 1253 1869 me,
1285 1825 1406 1871 puto,
1439 1834 1536 1860 con-

137 1887 284 1927 cacavi
315 1888 411 1927 me.'
472 1887 596 1936 Quod
629 1901 684 1927 an
714 1887 876 1936 fecerit,
908 1887 1070 1927 nescio:
1118 1887 1263 1926 omnia
1294 1891 1406 1927 certe
1438 1900 1536 1927 con-

137 1953 318 1994 cacavit.

192 2020 242 2060 V.
285 2020 403 2069 Quae
436 2020 480 2059 in
513 2020 636 2061 terris
669 2024 820 2071 postea
853 2020 938 2060 sint
974 2025 1085 2069 acta,
1120 2032 1436 2071 supervacuum
1470 2024 1534 2059 est
1568 2030 1585 2059 1

138 2086 303 2127 referre.
365 2087 489 2127 Scitis
519 2087 633 2127 enim
665 2087 840 2137 optime,
872 2101 948 2127 nec
980 2087 1216 2137 periculum
1246 2091 1310 2127 est
1342 2100 1394 2126 ne
1424 2086 1536 2126 exci—

137 2152 244 2193 dant
294 2167 403 2204 quae
453 2154 682 2194 memoriae
730 2153 935 2203 gaudium
984 2153 1205 2204 publicum
1253 2153 1535 2203 impresserit.

141 2233 266 2259 nemo
305 2219 523 2260 felicitatis
562 2233 663 2260 suae
703 2219 981 2260 obliviscitur.
1033 2220 1418 2274 &aglo-guae
1424 2223 1542 2262 acta.

138 2286 238 2334 sint,
269 2286 450 2334 auditezr
480 2286 586 2326 fides
614 2299 743 2337 penes
772 2291 991 2326 auctorem
1019 2286 1112 2327 erit.
1174 2280 1481 2355 NUUQ
1441 2267 1536 2355 Iovi
1568 2295 1587 2324 2
