1667 2524
129 115 184 155 20
564 117 604 150 L.
639 117 834 151 ANNAEI
867 119 1094 153 SENECAE

129 236 241 277 hunc
291 235 527 287 principem
577 235 706 285 lapsis
755 234 978 274 hominum
1028 234 1152 274 rebus
1200 235 1368 283 datum,
1417 234 1526 275 sicut

129 302 328 342 omnibus
371 302 638 349 mortalibus,
681 300 761 340 sibi
802 314 891 340 esse
932 306 1149 340 sacratum
1191 301 1318 341 velit!
1379 301 1527 341 Discat

129 369 183 409 ab
213 369 283 408 illo
314 368 585 408 clementiam
615 368 778 418 fiatque
809 366 1035 406 mitissimo
1064 367 1255 406 omnium
1286 367 1526 418 principum

130 435 268 475 mitis!

184 502 328 541 XVII.
372 501 512 541 Debes
553 500 700 552 itaque
740 514 811 541 eos
852 499 1008 540 intueri
1049 513 1209 549 omnes,
1251 513 1358 551 quos
1398 500 1527 551 paulo

129 572 229 608 ante
267 567 426 615 rettuli,
466 571 540 606 aut
579 567 766 607 adscitos
804 567 919 606 caelo
957 571 1032 606 aut
1070 567 1301 617 proximos,
1339 571 1381 607 et
1419 567 1526 607 ferre

128 647 266 685 aequo
288 633 432 673 animo
453 634 692 673 Fortunam
715 633 768 673 ad
791 637 834 673 te
856 646 1027 684 quoque
1050 632 1335 683 porrigentem
1359 646 1525 681 manus,

128 714 235 752 quas
278 714 329 740 ne
373 700 426 739 ab
469 699 527 740 eis
571 699 759 751 quidem,
804 713 878 749 per
919 712 1026 750 quos
1068 698 1271 747 iuramus,
1316 699 1503 739 abstinet
1516 712 1525 749 ;

127 767 256 807 debes
289 766 457 806 illorum
490 765 651 806 imitari
682 765 934 805 firmitatem
967 765 1010 804 in
1043 765 1302 816 perferendis
1333 770 1376 806 et
1409 765 1527 806 evin-

128 833 270 874 cendis
303 832 538 881 doloribus,
571 832 613 871 in
649 837 862 883 quantum
898 832 1026 872 modo
1060 831 1222 871 homini
1256 832 1320 871 fas
1353 836 1417 872 est
1452 845 1527 883 per

127 899 275 940 divina
311 899 368 939 ire
405 899 598 949 vestigia.
661 898 868 948 Quamvis
905 899 987 938 sint
1023 898 1066 937 in
1103 898 1194 938 aliis
1230 899 1355 938 rebus
1391 898 1527 949 digni-

128 970 271 1006 tatum
299 980 347 1006 ac
375 965 654 1005 nobilitatum
683 978 839 1016 magna
865 964 1124 1013 discrimina,
1152 964 1289 1005 virtus
1316 964 1359 1003 in
1387 965 1526 1005 medio

128 1032 268 1083 posita
290 1037 376 1072 est:
414 1032 627 1072 nerninem
650 1031 922 1082 dedignatur,
946 1031 1019 1082 qui
1042 1032 1169 1071 modo
1191 1031 1368 1081 dignum
1390 1045 1433 1071 se
1454 1030 1526 1071 illa

127 1099 302 1138 iudicat.
364 1098 537 1148 Optime
563 1103 676 1138 certe
700 1098 793 1137 illos
817 1098 1067 1146 imitaberis,
1094 1097 1167 1149 qui
1192 1111 1289 1137 cum
1314 1097 1525 1147 indignari

127 1170 300 1215 possent
341 1178 426 1203 non
465 1178 554 1204 esse
594 1164 707 1214 ipsos
746 1168 937 1204 exsortes
977 1163 1102 1203 huius
1142 1164 1255 1212 mali,
1296 1168 1442 1203 tamen
1481 1163 1525 1203 in

127 1231 205 1272 hoc
246 1245 332 1271 uno
372 1245 414 1271 se
455 1231 604 1271 ceteris
643 1231 875 1282 exaequari
915 1230 1160 1270 hominibus
1200 1243 1285 1269 non
1325 1230 1524 1270 iniuriam

126 1299 198 1338 sed
233 1297 297 1337 ius
331 1298 610 1337 mortalitatis
643 1297 943 1337 iudicaverunt
977 1297 1256 1347 tuleruntque
1290 1310 1365 1337 nec
1400 1296 1525 1336 nimis

127 1364 276 1404 acerbe
305 1368 347 1403 et
378 1377 538 1414 aspere,
570 1364 685 1414 quod
716 1363 944 1411 acciderat,
975 1377 1051 1403 nec
1083 1363 1266 1403 molliter
1293 1367 1336 1403 et
1365 1363 1526 1403 effemi-

126 1435 248 1479 nate;
294 1443 394 1470 narn
426 1434 468 1470 et
500 1443 585 1469 non
617 1429 773 1469 sentire
805 1430 918 1469 mala
948 1443 1025 1469 sua
1056 1443 1142 1468 non
1172 1434 1236 1469 est
1268 1428 1452 1469 hominis
1481 1433 1524 1469 et

126 1510 212 1536 non
239 1496 346 1536 ferre
374 1510 459 1535 non
487 1500 550 1535 est
580 1495 671 1535 viri.
734 1496 830 1535 Non
859 1509 1033 1546 possum
1061 1500 1222 1543 tamen,
1252 1508 1349 1535 cum
1378 1508 1525 1536 omnes

127 1562 407 1603 circumierim
437 1563 650 1609 Caesares,
683 1562 839 1613 quibus
869 1563 1063 1601 Fortuna
1093 1562 1246 1601 fratres
1276 1573 1525 1613 sororesque

125 1629 296 1680 eripuit,
332 1629 443 1669 hunc
478 1628 707 1679 praeterire
741 1642 794 1668 ex
829 1628 945 1667 omni
979 1628 1208 1668 Caesarum
1244 1641 1420 1668 numero
1454 1642 1526 1668 ex-

126 1696 400 1746 cerpendum,
424 1708 551 1746 quem
574 1708 713 1734 rerum
747 1699 903 1734 natura
936 1694 978 1733 in
1011 1694 1192 1734 exitium
1227 1694 1525 1745 opprobrium-

126 1775 208 1813 que
249 1761 426 1801 humani
466 1761 629 1811 generis
669 1761 818 1808 edidit,
861 1775 885 1800 a
926 1774 1011 1811 quo
1052 1760 1278 1811 imperium
1320 1761 1524 1800 adustum

126 1832 257 1879 atque
292 1840 489 1868 eversum
525 1827 722 1866 funditus
758 1827 960 1877 principis
998 1827 1211 1866 mitissimi
1248 1831 1408 1867 recreat
1446 1826 1525 1867 cle-

127 1894 300 1934 mentia.
361 1894 404 1934 C.
438 1894 592 1934 Caesar
622 1893 778 1933 amissa
808 1906 949 1933 sorore
982 1893 1181 1941 Drusilla,
1213 1893 1247 1932 is
1278 1892 1420 1941 homo,
1452 1893 1525 1944 qui

125 1974 210 2000 non
257 1960 391 2011 magis
435 1960 576 2000 dolere
623 1973 754 2010 quam
799 1960 983 2009 gaudere
1030 1959 1322 2010 principaliter
1366 1963 1524 2009 posset,

125 2032 402 2077 conspectum
435 2026 893 2077 conversationemque
925 2025 1083 2065 civium
1114 2039 1288 2065 suorum
1320 2025 1524 2076 profugit,

124 2093 336 2144 exsequiis
379 2093 532 2132 sororis
576 2106 677 2132 suae
723 2105 808 2131 non
852 2092 1062 2140 interfuit,
1107 2091 1221 2131 iusta
1264 2091 1396 2131 sorori
1439 2105 1525 2131 non

125 2159 355 2209 praestitit,
379 2159 450 2198 sed
473 2159 516 2197 in
538 2159 707 2198 Albano
728 2171 805 2197 suo
827 2158 995 2198 tesseris
1017 2172 1064 2198 ac
1088 2157 1179 2197 foro
1200 2162 1242 2198 et
1265 2157 1526 2208 pervolgatis

126 2225 369 2265 huiusmodi
412 2225 503 2264 aliis
545 2225 902 2275 occupationibus
944 2224 1204 2264 acerbissimi
1246 2223 1405 2264 funeris
1445 2224 1526 2264 ele-

125 2292 258 2331 vabat
314 2291 438 2330 mala.
501 2291 582 2329 Pro
636 2291 775 2341 pudor
827 2290 1018 2341 imperii!
1078 2289 1286 2340 Principis
1339 2289 1525 2329 Romani
