1667 2524
68 535 84 563 1

118 144 172 186 84
568 146 607 179 L.
643 146 837 180 ΑΝΝΑΕΙ
870 149 1097 183 SENECAE

596 300 879 342 EPISTULA
944 303 1039 343 LVI

433 413 613 454 SENECA
650 413 839 453 LUCILIO
876 425 961 453 suo
997 425 1205 454 SALUTEM

172 524 363 573 Peream‚
385 524 418 564 si
436 528 501 564 est
524 528 614 563 tam
636 524 922 563 necessarium
945 536 1076 574 quam
1099 524 1273 564 videtur
1297 523 1515 564 silentium

114 591 157 630 in
186 591 330 631 studia
359 590 561 640 seposito.
623 589 732 629 Ecce
761 590 951 640 undique
980 603 1048 630 me
1077 590 1222 629 varius
1252 589 1411 629 clamor
1440 591 1515 629 cir-

115 661 354 696 cumsonat.
416 656 554 707 Supra
575 656 715 706 ipsum
736 655 938 695 balneum
959 655 1122 695 habito.
1185 656 1381 706 Propone
1401 669 1514 696 nune

114 723 192 763 tibi
225 723 369 762 omnia
399 735 553 773 genera
585 735 755 770 vocum,
787 735 897 773 quae
928 722 970 761 in
1001 722 1148 762 odium
1180 727 1361 773 possunt
1392 735 1515 762 aures

113 790 346 830 adducere:
402 803 498 829 cum
537 790 734 829 fortiores
772 794 1026 829 exercentur
1062 793 1105 828 et
1144 801 1297 828 manus
1335 788 1514 839 plumbo

113 869 264 907 graves
278 857 458 905 iactant,
476 869 572 896 cum
588 860 664 895 aut
682 855 881 895 laborant
897 859 973 894 aut
988 855 1257 894 laborantem
1271 855 1511 903 imitantur,

113 923 298 973 gemitus
334 923 476 971 audio,
515 923 715 973 quotiens
752 926 969 962 retentum
1006 922 1206 972 spiritum
1244 921 1512 969 remiserunt,

112 989 258 1029 sibilos
298 994 341 1030 et
384 988 680 1029 acerbissimas
722 988 1044 1039 respirationes,·
1103 1001 1199 1027 cum
1241 988 1284 1026 in
1326 987 1512 1038 aliquem

112 1056 293 1095 inertem
321 1059 364 1095 et
393 1055 473 1095 hac
501 1055 668 1106 plebeia
696 1055 899 1094 unctione
929 1058 1181 1094 contentum
1210 1054 1353 1102 incidi,
1383 1054 1511 1093 audio

114 1122 324 1173 crepitum
346 1121 493 1161 inlisae
514 1134 669 1160 manus
689 1121 861 1169 umeris,
884 1134 994 1172 quae
1016 1125 1144 1171 prout
1166 1120 1294 1171 plana
1315 1121 1512 1171 pervenit

112 1192 190 1228 aut
215 1201 418 1236 concava,
444 1188 504 1228 ita
528 1201 681 1227 sonum
705 1192 863 1227 mutat.
924 1187 966 1227 Si
992 1200 1092 1226 vero
1116 1186 1343 1237 pilicrepus
1367 1199 1511 1237 super-

113 1254 233 1294 venit
262 1258 306 1295 et
337 1267 561 1294 numerare
593 1253 733 1304 coepit
764 1253 885 1304 pilas,
918 1258 1065 1293 actum
1095 1257 1174 1292 est.
1234 1252 1366 1292 Adice
1398 1265 1511 1292 nunc

112 1320 354 1361 scordalum
383 1326 426 1361 et
455 1322 592 1361 furem
622 1321 880 1371 deprensum
910 1324 953 1360 et
983 1319 1117 1368 illum,
1149 1320 1214 1359 cui
1245 1332 1331 1358 vox
1359 1332 1437 1359 sua
1466 1320 1510 1358 in

111 1387 280 1428 balineo
317 1387 470 1438 placet.
531 1387 663 1427 Adice
700 1400 813 1426 1111110
850 1400 935 1435 eos,
974 1386 1046 1437 qui
1084 1387 1127 1425 in
1164 1386 1373 1436 piscinam
1413 1399 1510 1425 cum

112 1454 274 1504 ingenti
327 1454 536 1504 impulsae
590 1466 728 1504 aquae
779 1466 883 1492 sono
934 1453 1106 1492 saliunt.
1168 1452 1343 1492 Praeter
1390 1453 1508 1501 istos,

113 1533 310 1571 quorum,
337 1521 371 1560 si
398 1520 501 1559 nihil
528 1519 658 1567 aliud,
686 1523 827 1559 rectae
854 1532 979 1559 voces
1004 1523 1119 1567 sunt,
1148 1518 1340 1569 alipilum
1369 1519 1509 1569 cogita

113 1590 286 1626 tenuem
319 1591 362 1626 et
396 1586 622 1626 stridulam
657 1599 822 1634 vocem,
849 1598 934 1636 quo
969 1586 1024 1625 sit
1059 1584 1303 1632 notabilior,
1327 1584 1508 1625 subinde

110 1653 423 1703 exprimentem
449 1666 525 1692 nec
549 1665 757 1703 umquam
784 1656 1015 1699 tacentem,
1041 1652 1120 1690 nisi
1145 1651 1249 1691 dum
1275 1651 1393 1691 vellit
1419 1651 1509 1691 alas

110 1723 154 1759 et
171 1719 301 1758 alium
324 1733 400 1770 pro
417 1732 460 1759 se
479 1719 661 1759 clamare
679 1719 805 1768 cogit.
860 1718 953 1757 Iam
976 1717 1113 1757 libarii
1132 1718 1273 1757 varias
1295 1717 1508 1757 exclama-

112 1786 249 1825 tiones
270 1790 313 1826 et
336 1785 600 1825 botularium
623 1789 666 1825 et
690 1784 993 1824 crustularium
1015 1788 1058 1824 et
1080 1797 1228 1823 omnes
1249 1784 1507 1842 pop-inarum

111 1852 328 1892 institores
358 1865 541 1892 mercem
574 1865 650 1891 sua
682 1851 872 1903 quadam
903 1855 946 1891 et
977 1851 1180 1901 insignita
1212 1850 1507 1891 modulatione

112 1918 350 1958 vendentis.
411 1918 469 1957 ‘O
494 1918 556 1958 te'
582 1918 723 1969 inquis
747 1917 952 1958 ‘ferreum
977 1922 1053 1957 aut
1077 1917 1269 1964 surdum,
1296 1917 1361 1955 cui
1386 1929 1506 1956 mens

110 1984 221 2023 inter
246 1988 311 2024 tot
337 1984 542 2024 clamores
566 1988 657 2024 tam
682 1984 837 2032 varios,
864 1988 954 2023 tam
978 1983 1172 2023 dissonos
1198 1986 1381 2031 constat,
1408 1995 1505 2022 cum

109 2049 397 2101 Chrysippum
450 2055 646 2091 nostrum
699 2051 880 2091 adsidua
932 2049 1137 2089 salutatio
1190 2049 1397 2100 perducat
1450 2049 1504 2089 ad

110 2118 322 2156 mortem.’
383 2117 440 2157 At
466 2117 727 2157 mehercules
752 2130 828 2167 ego
855 2117 986 2156 istum
1012 2116 1231 2156 fremitum
1258 2128 1343 2154 non
1370 2115 1505 2165 magis

111 2195 210 2222 curo
234 2196 364 2234 quam
389 2183 568 2223 fluctum
593 2188 669 2223 aut
692 2184 907 2223 deiectum
931 2195 1082 2234 aquae,
1108 2181 1306 2233 quamvis
1329 2181 1504 2221 audiam

111 2249 280 2288 cuidam
300 2250 416 2299 genti
436 2249 546 2289 hanc
565 2262 697 2289 unam
716 2250 844 2289 fuisse
865 2261 1037 2289 causam
1057 2247 1206 2288 urbem
1225 2260 1347 2287 suam
1367 2251 1504 2287 trans-

110 2309 286 2363 ferendi,
321 2315 436 2366 quod
481 2316 693 2366 fragorem
727 2315 811 2355 Nili
846 2315 1038 2355 cadentis
1080 2314 1187 2354 ferre
1219 2327 1305 2353 non
1344 2314 1501 2364 potuit.
