<?xml version="1.0" encoding="UTF-8"?>
<!DOCTYPE html PUBLIC "-//W3C//DTD XHTML 1.0 Transitional//EN"
    "http://www.w3.org/TR/xhtml1/DTD/xhtml1-transitional.dtd">
<html xmlns="http://www.w3.org/1999/xhtml" xml:lang="en" lang="en">
 <head>
  <title>
</title>
<meta http-equiv="Content-Type" content="text/html;charset=utf-8" />
  <meta name='ocr-system' content='tesseract 3.04.00' />
  <meta name='ocr-capabilities' content='ocr_page ocr_carea ocr_par ocr_line ocrx_word'/>
</head>
<body>
  <div class='ocr_page' id='page_1' title='image "./selectedessayssa00seneuoft_0115.png"; bbox 0 0 1667 2524; ppageno 0'>
   <div class='ocr_carea' id='block_1_1' title="bbox 410 106 1483 148">
    <p class='ocr_par' dir='ltr' id='par_1_1' title="bbox 410 106 1483 148">
     <span class='ocr_line' id='line_1_1' title="bbox 410 106 1483 148; baseline 0.005 -5"><span class='ocrx_word' id='word_1_1' title='bbox 410 110 477 144; x_wconf 88' lang='lat' dir='ltr'>AD</span> <span class='ocrx_word' id='word_1_2' title='bbox 513 109 760 144; x_wconf 84' lang='lat' dir='ltr'>LUCILIUM</span> <span class='ocrx_word' id='word_1_3' title='bbox 797 109 1044 144; x_wconf 88' lang='lat' dir='ltr'><strong>EPISTULA</strong></span> <span class='ocrx_word' id='word_1_4' title='bbox 1077 110 1169 144; x_wconf 93' lang='lat' dir='ltr'>VIII</span> <span class='ocrx_word' id='word_1_5' title='bbox 1431 106 1483 148; x_wconf 83' lang='lat'>75</span> 
     </span>
    </p>
   </div>
   <div class='ocr_carea' id='block_1_2' title="bbox 80 228 1483 1942">
    <p class='ocr_par' dir='ltr' id='par_1_2' title="bbox 83 228 1483 875">
     <span class='ocr_line' id='line_1_2' title="bbox 87 228 1483 280; baseline -0.001 -11"><span class='ocrx_word' id='word_1_6' title='bbox 87 229 195 269; x_wconf 92' lang='lat' dir='ltr'>Cum</span> <span class='ocrx_word' id='word_1_7' title='bbox 234 228 299 268; x_wconf 90' lang='lat' dir='ltr'>his</span> <span class='ocrx_word' id='word_1_8' title='bbox 338 241 520 277; x_wconf 82' lang='lat' dir='ltr'>versare,</span> <span class='ocrx_word' id='word_1_9' title='bbox 561 229 633 280; x_wconf 89' lang='lat' dir='ltr'>qui</span> <span class='ocrx_word' id='word_1_10' title='bbox 673 232 714 268; x_wconf 88' lang='lat' dir='ltr'>te</span> <span class='ocrx_word' id='word_1_11' title='bbox 754 228 972 269; x_wconf 91' lang='lat' dir='ltr'>meliorem</span> <span class='ocrx_word' id='word_1_12' title='bbox 1010 229 1167 269; x_wconf 83' lang='lat' dir='ltr'>facturi</span> <span class='ocrx_word' id='word_1_13' title='bbox 1206 234 1321 269; x_wconf 87' lang='lat' dir='ltr'>sunt.</span> <span class='ocrx_word' id='word_1_14' title='bbox 1383 230 1483 269; x_wconf 75' lang='lat' dir='ltr'>Illos</span> 
     </span>
     <span class='ocr_line' id='line_1_3' title="bbox 89 295 1480 346; baseline 0.001 -12"><span class='ocrx_word' id='word_1_15' title='bbox 89 295 286 344; x_wconf 81' lang='lat' dir='ltr'>admitte,</span> <span class='ocrx_word' id='word_1_16' title='bbox 310 308 416 346; x_wconf 89' lang='lat' dir='ltr'>quos</span> <span class='ocrx_word' id='word_1_17' title='bbox 439 300 487 334; x_wconf 89' lang='lat' dir='ltr'>tu</span> <span class='ocrx_word' id='word_1_18' title='bbox 508 300 631 345; x_wconf 88' lang='lat' dir='ltr'>potes</span> <span class='ocrx_word' id='word_1_19' title='bbox 652 295 790 335; x_wconf 84' lang='lat' dir='ltr'>facere</span> <span class='ocrx_word' id='word_1_20' title='bbox 811 295 1018 335; x_wconf 89' lang='lat' dir='ltr'>meliores.</span> <span class='ocrx_word' id='word_1_21' title='bbox 1078 295 1231 335; x_wconf 87' lang='lat' dir='ltr'>Mutuo</span> <span class='ocrx_word' id='word_1_22' title='bbox 1252 296 1335 336; x_wconf 90' lang='lat' dir='ltr'>ista</span> <span class='ocrx_word' id='word_1_23' title='bbox 1357 296 1480 344; x_wconf 79' lang='lat' dir='ltr'>fiunt,</span> 
     </span>
     <span class='ocr_line' id='line_1_4' title="bbox 87 361 1481 413; baseline 0 -12"><span class='ocrx_word' id='word_1_24' title='bbox 87 366 129 401; x_wconf 90' lang='lat' dir='ltr'>et</span> <span class='ocrx_word' id='word_1_25' title='bbox 151 361 357 410; x_wconf 89' lang='lat' dir='ltr'>homines,</span> <span class='ocrx_word' id='word_1_26' title='bbox 379 361 484 401; x_wconf 88' lang='lat' dir='ltr'>dum</span> <span class='ocrx_word' id='word_1_27' title='bbox 505 361 676 409; x_wconf 79' lang='lat' dir='ltr'>docent,</span> <span class='ocrx_word' id='word_1_28' title='bbox 698 361 884 401; x_wconf 89' lang='lat' dir='ltr'>discunt.</span> <span class='ocrx_word' id='word_1_29' title='bbox 946 361 1043 400; x_wconf 92' lang='lat' dir='ltr'>Non</span> <span class='ocrx_word' id='word_1_30' title='bbox 1063 365 1127 401; x_wconf 91' lang='lat' dir='ltr'>est</span> <span class='ocrx_word' id='word_1_31' title='bbox 1149 362 1264 413; x_wconf 89' lang='lat' dir='ltr'>quod</span> <span class='ocrx_word' id='word_1_32' title='bbox 1287 366 1328 402; x_wconf 90' lang='lat' dir='ltr'>te</span> <span class='ocrx_word' id='word_1_33' title='bbox 1349 362 1481 412; x_wconf 78' lang='lat' dir='ltr'>gloria</span> 
     </span>
     <span class='ocr_line' id='line_1_5' title="bbox 85 427 1482 478; baseline 0.001 -12"><span class='ocrx_word' id='word_1_34' title='bbox 85 427 332 478; x_wconf 82' lang='lat' dir='ltr'>publicandi</span> <span class='ocrx_word' id='word_1_35' title='bbox 363 427 520 478; x_wconf 90' lang='lat' dir='ltr'>ingenii</span> <span class='ocrx_word' id='word_1_36' title='bbox 550 427 762 478; x_wconf 90' lang='lat' dir='ltr'>producat</span> <span class='ocrx_word' id='word_1_37' title='bbox 793 427 836 466; x_wconf 92' lang='lat' dir='ltr'>in</span> <span class='ocrx_word' id='word_1_38' title='bbox 866 427 1070 476; x_wconf 91' lang='lat' dir='ltr'>medium,</span> <span class='ocrx_word' id='word_1_39' title='bbox 1102 432 1151 467; x_wconf 91' lang='lat' dir='ltr'>ut</span> <span class='ocrx_word' id='word_1_40' title='bbox 1182 427 1359 467; x_wconf 85' lang='lat' dir='ltr'>recitare</span> <span class='ocrx_word' id='word_1_41' title='bbox 1390 428 1482 468; x_wconf 84' lang='lat' dir='ltr'>istis</span> 
     </span>
     <span class='ocr_line' id='line_1_6' title="bbox 85 493 1482 544; baseline 0.001 -12"><span class='ocrx_word' id='word_1_42' title='bbox 85 493 188 533; x_wconf 87' lang='lat' dir='ltr'>velis</span> <span class='ocrx_word' id='word_1_43' title='bbox 227 497 303 533; x_wconf 89' lang='lat' dir='ltr'>aut</span> <span class='ocrx_word' id='word_1_44' title='bbox 340 493 576 544; x_wconf 88' lang='lat' dir='ltr'>disputare,</span> <span class='ocrx_word' id='word_1_45' title='bbox 615 493 731 544; x_wconf 91' lang='lat' dir='ltr'>quod</span> <span class='ocrx_word' id='word_1_46' title='bbox 769 493 908 534; x_wconf 86' lang='lat' dir='ltr'>facere</span> <span class='ocrx_word' id='word_1_47' title='bbox 946 498 988 533; x_wconf 86' lang='lat' dir='ltr'>te</span> <span class='ocrx_word' id='word_1_48' title='bbox 1026 493 1193 542; x_wconf 87' lang='lat' dir='ltr'>vellem,</span> <span class='ocrx_word' id='word_1_49' title='bbox 1232 494 1266 533; x_wconf 90' lang='lat' dir='ltr'>si</span> <span class='ocrx_word' id='word_1_50' title='bbox 1304 493 1482 534; x_wconf 83' lang='lat' dir='ltr'>haberes</span> 
     </span>
     <span class='ocr_line' id='line_1_7' title="bbox 85 559 1482 611; baseline 0.001 -13"><span class='ocrx_word' id='word_1_51' title='bbox 85 559 154 599; x_wconf 90' lang='lat' dir='ltr'>isti</span> <span class='ocrx_word' id='word_1_52' title='bbox 186 559 345 610; x_wconf 91' lang='lat' dir='ltr'>populo</span> <span class='ocrx_word' id='word_1_53' title='bbox 378 560 577 599; x_wconf 84' lang='lat' dir='ltr'>idoneam</span> <span class='ocrx_word' id='word_1_54' title='bbox 609 572 815 600; x_wconf 86' lang='lat' dir='ltr'>mercem:</span> <span class='ocrx_word' id='word_1_55' title='bbox 863 572 988 599; x_wconf 91' lang='lat' dir='ltr'>nemo</span> <span class='ocrx_word' id='word_1_56' title='bbox 1020 564 1099 608; x_wconf 90' lang='lat' dir='ltr'>est,</span> <span class='ocrx_word' id='word_1_57' title='bbox 1133 560 1207 611; x_wconf 92' lang='lat' dir='ltr'>qui</span> <span class='ocrx_word' id='word_1_58' title='bbox 1239 560 1482 611; x_wconf 80' lang='lat' dir='ltr'>intellegere</span> 
     </span>
     <span class='ocr_line' id='line_1_8' title="bbox 84 625 1482 677; baseline 0.001 -12"><span class='ocrx_word' id='word_1_59' title='bbox 84 630 126 666; x_wconf 90' lang='lat' dir='ltr'>te</span> <span class='ocrx_word' id='word_1_60' title='bbox 164 627 312 676; x_wconf 79' lang='lat' dir='ltr'>possit.</span> <span class='ocrx_word' id='word_1_61' title='bbox 373 625 539 677; x_wconf 83' lang='lat' dir='ltr'>Aliquis</span> <span class='ocrx_word' id='word_1_62' title='bbox 577 626 772 674; x_wconf 88' lang='lat' dir='ltr'>fortasse,</span> <span class='ocrx_word' id='word_1_63' title='bbox 813 639 924 665; x_wconf 87' lang='lat' dir='ltr'>unus</span> <span class='ocrx_word' id='word_1_64' title='bbox 963 630 1039 665; x_wconf 85' lang='lat' dir='ltr'>aut</span> <span class='ocrx_word' id='word_1_65' title='bbox 1079 626 1189 665; x_wconf 87' lang='lat' dir='ltr'>alter</span> <span class='ocrx_word' id='word_1_66' title='bbox 1224 626 1399 675; x_wconf 86' lang='lat' dir='ltr'>incidet,</span> <span class='ocrx_word' id='word_1_67' title='bbox 1439 632 1482 667; x_wconf 93' lang='lat' dir='ltr'>et</span> 
     </span>
     <span class='ocr_line' id='line_1_9' title="bbox 84 691 1482 744; baseline 0.001 -14"><span class='ocrx_word' id='word_1_68' title='bbox 84 691 151 731; x_wconf 86' lang='lat' dir='ltr'>hic</span> <span class='ocrx_word' id='word_1_69' title='bbox 189 692 279 742; x_wconf 89' lang='lat' dir='ltr'>ipse</span> <span class='ocrx_word' id='word_1_70' title='bbox 317 692 570 732; x_wconf 84' lang='lat' dir='ltr'>formandus</span> <span class='ocrx_word' id='word_1_71' title='bbox 610 692 688 732; x_wconf 91' lang='lat' dir='ltr'>tibi</span> <span class='ocrx_word' id='word_1_72' title='bbox 728 692 808 732; x_wconf 90' lang='lat' dir='ltr'>erit</span> <span class='ocrx_word' id='word_1_73' title='bbox 848 692 1226 744; x_wconf 79' lang='lat' dir='ltr'>instituendusque</span> <span class='ocrx_word' id='word_1_74' title='bbox 1265 694 1319 733; x_wconf 87' lang='lat' dir='ltr'>ad</span> <span class='ocrx_word' id='word_1_75' title='bbox 1359 694 1482 734; x_wconf 87' lang='lat' dir='ltr'>intel-</span> 
     </span>
     <span class='ocr_line' id='line_1_10' title="bbox 83 757 1480 810; baseline 0.002 -13"><span class='ocrx_word' id='word_1_76' title='bbox 83 757 242 797; x_wconf 89' lang='lat' dir='ltr'>lectum</span> <span class='ocrx_word' id='word_1_77' title='bbox 264 759 341 798; x_wconf 85' lang='lat' dir='ltr'>tui.</span> <span class='ocrx_word' id='word_1_78' title='bbox 402 758 499 798; x_wconf 90' lang='lat' dir='ltr'>‘Cui</span> <span class='ocrx_word' id='word_1_79' title='bbox 521 771 618 809; x_wconf 87' lang='lat' dir='ltr'>ergo</span> <span class='ocrx_word' id='word_1_80' title='bbox 640 759 722 798; x_wconf 86' lang='lat' dir='ltr'>ista</span> <span class='ocrx_word' id='word_1_81' title='bbox 744 759 924 798; x_wconf 84' lang='lat' dir='ltr'>didici?’</span> <span class='ocrx_word' id='word_1_82' title='bbox 959 758 1057 798; x_wconf 93' lang='lat' dir='ltr'>Non</span> <span class='ocrx_word' id='word_1_83' title='bbox 1082 764 1146 799; x_wconf 90' lang='lat' dir='ltr'>est</span> <span class='ocrx_word' id='word_1_84' title='bbox 1169 760 1283 810; x_wconf 92' lang='lat' dir='ltr'>quod</span> <span class='ocrx_word' id='word_1_85' title='bbox 1313 761 1480 809; x_wconf 81' lang='lat' dir='ltr'>timeas,</span> 
     </span>
     <span class='ocr_line' id='line_1_11' title="bbox 83 825 998 875; baseline 0.002 -12"><span class='ocrx_word' id='word_1_86' title='bbox 83 837 135 864; x_wconf 92' lang='lat' dir='ltr'>ne</span> <span class='ocrx_word' id='word_1_87' title='bbox 156 838 330 875; x_wconf 87' lang='lat' dir='ltr'>operam</span> <span class='ocrx_word' id='word_1_88' title='bbox 356 825 603 875; x_wconf 83' lang='lat' dir='ltr'>perdideris,</span> <span class='ocrx_word' id='word_1_89' title='bbox 630 825 664 864; x_wconf 91' lang='lat' dir='ltr'>si</span> <span class='ocrx_word' id='word_1_90' title='bbox 692 825 770 864; x_wconf 89' lang='lat' dir='ltr'>tibi</span> <span class='ocrx_word' id='word_1_91' title='bbox 797 825 998 865; x_wconf 88' lang='lat' dir='ltr'>didicisti.</span> 
     </span>
    </p>

    <p class='ocr_par' dir='ltr' id='par_1_3' title="bbox 80 891 1482 1942">
     <span class='ocr_line' id='line_1_12' title="bbox 138 891 1479 943; baseline 0.001 -11"><span class='ocrx_word' id='word_1_92' title='bbox 138 891 219 932; x_wconf 86' lang='lat' dir='ltr'>Sed</span> <span class='ocrx_word' id='word_1_93' title='bbox 246 905 297 931; x_wconf 91' lang='lat' dir='ltr'>ne</span> <span class='ocrx_word' id='word_1_94' title='bbox 322 891 398 931; x_wconf 92' lang='lat' dir='ltr'>soli</span> <span class='ocrx_word' id='word_1_95' title='bbox 424 891 527 930; x_wconf 89' lang='lat' dir='ltr'>mihi</span> <span class='ocrx_word' id='word_1_96' title='bbox 554 891 679 932; x_wconf 90' lang='lat' dir='ltr'>hodie</span> <span class='ocrx_word' id='word_1_97' title='bbox 704 892 940 940; x_wconf 88' lang='lat' dir='ltr'>didicerim,</span> <span class='ocrx_word' id='word_1_98' title='bbox 969 893 1296 933; x_wconf 85' lang='lat' dir='ltr'>communicabo</span> <span class='ocrx_word' id='word_1_99' title='bbox 1322 898 1479 943; x_wconf 85' lang='lat' dir='ltr'>tecum,</span> 
     </span>
     <span class='ocr_line' id='line_1_13' title="bbox 83 958 1481 1009; baseline 0.003 -12"><span class='ocrx_word' id='word_1_100' title='bbox 83 971 193 1009; x_wconf 89' lang='lat' dir='ltr'>quae</span> <span class='ocrx_word' id='word_1_101' title='bbox 228 963 503 998; x_wconf 88' lang='lat' dir='ltr'>occurrerunt</span> <span class='ocrx_word' id='word_1_102' title='bbox 538 958 642 997; x_wconf 90' lang='lat' dir='ltr'>mihi</span> <span class='ocrx_word' id='word_1_103' title='bbox 678 959 841 1009; x_wconf 83' lang='lat' dir='ltr'>egregie</span> <span class='ocrx_word' id='word_1_104' title='bbox 877 959 994 999; x_wconf 84' lang='lat' dir='ltr'>dicta</span> <span class='ocrx_word' id='word_1_105' title='bbox 1031 960 1140 999; x_wconf 88' lang='lat' dir='ltr'>circa</span> <span class='ocrx_word' id='word_1_106' title='bbox 1176 960 1359 1000; x_wconf 88' lang='lat' dir='ltr'>eundem</span> <span class='ocrx_word' id='word_1_107' title='bbox 1395 962 1481 1001; x_wconf 86' lang='lat' dir='ltr'>fere</span> 
     </span>
     <span class='ocr_line' id='line_1_14' title="bbox 83 1026 1480 1077; baseline 0.001 -12"><span class='ocrx_word' id='word_1_108' title='bbox 83 1038 253 1065; x_wconf 87' lang='lat' dir='ltr'>sensum</span> <span class='ocrx_word' id='word_1_109' title='bbox 284 1026 386 1074; x_wconf 87' lang='lat' dir='ltr'>tria;</span> <span class='ocrx_word' id='word_1_110' title='bbox 431 1039 486 1066; x_wconf 79' lang='lat' dir='ltr'>ex</span> <span class='ocrx_word' id='word_1_111' title='bbox 514 1026 670 1077; x_wconf 91' lang='lat' dir='ltr'>quibus</span> <span class='ocrx_word' id='word_1_112' title='bbox 699 1039 834 1065; x_wconf 89' lang='lat' dir='ltr'>unum</span> <span class='ocrx_word' id='word_1_113' title='bbox 864 1026 968 1067; x_wconf 83' lang='lat' dir='ltr'>haec</span> <span class='ocrx_word' id='word_1_114' title='bbox 998 1027 1182 1077; x_wconf 84' lang='lat' dir='ltr'>epistula</span> <span class='ocrx_word' id='word_1_115' title='bbox 1212 1028 1255 1065; x_wconf 91' lang='lat' dir='ltr'>in</span> <span class='ocrx_word' id='word_1_116' title='bbox 1284 1027 1480 1068; x_wconf 86' lang='lat' dir='ltr'>debitum</span> 
     </span>
     <span class='ocr_line' id='line_1_15' title="bbox 83 1092 1480 1152; baseline 0.001 -20"><span class='ocrx_word' id='word_1_117' title='bbox 83 1092 175 1132; x_wconf 85' lang='lat' dir='ltr'>solv</span> <span class='ocrx_word' id='word_1_118' title='bbox 164 1096 233 1140; x_wconf 93' lang='lat' dir='ltr'>e,t</span> <span class='ocrx_word' id='word_1_119' title='bbox 255 1092 369 1132; x_wconf 89' lang='lat' dir='ltr'>duo</span> <span class='ocrx_word' id='word_1_120' title='bbox 361 1106 404 1131; x_wconf 84' lang='lat' dir='ltr'>in</span> <span class='ocrx_word' id='word_1_121' title='bbox 425 1097 694 1133; x_wconf 84' lang='lat' dir='ltr'>antecessum</span> <span class='ocrx_word' id='word_1_122' title='bbox 716 1093 873 1144; x_wconf 87' lang='lat' dir='ltr'>accipe.</span> <span class='ocrx_word' id='word_1_123' title='bbox 938 1093 1209 1152; x_wconf 85' lang='lat' dir='ltr'>Democritus</span> <span class='ocrx_word' id='word_1_124' title='bbox 1230 1094 1312 1134; x_wconf 81' lang='lat' dir='ltr'>ait:</span> <span class='ocrx_word' id='word_1_125' title='bbox 1349 1095 1480 1134; x_wconf 90' lang='lat' dir='ltr'>unus</span> 
     </span>
     <span class='ocr_line' id='line_1_16' title="bbox 83 1146 1479 1225; baseline 0.001 -27"><span class='ocrx_word' id='word_1_126' title='bbox 83 1159 186 1219; x_wconf 89' lang='lat' dir='ltr'>mihi</span> <span class='ocrx_word' id='word_1_127' title='bbox 171 1173 290 1225; x_wconf 91' lang='lat' dir='ltr'>pro</span> <span class='ocrx_word' id='word_1_128' title='bbox 320 1159 479 1210; x_wconf 93' lang='lat' dir='ltr'>populo</span> <span class='ocrx_word' id='word_1_129' title='bbox 507 1164 585 1208; x_wconf 90' lang='lat' dir='ltr'>est,</span> <span class='ocrx_word' id='word_1_130' title='bbox 615 1164 658 1200; x_wconf 90' lang='lat' dir='ltr'>et</span> <span class='ocrx_word' id='word_1_131' title='bbox 686 1160 871 1211; x_wconf 86' lang='lat' dir='ltr'>populus</span> <span class='ocrx_word' id='word_1_132' title='bbox 900 1174 976 1211; x_wconf 91' lang='lat' dir='ltr'>pro</span> <span class='ocrx_word' id='word_1_133' title='bbox 1005 1153 1120 1200; x_wconf 84' lang='lat' dir='ltr'>uno.</span> <span class='ocrx_word' id='word_1_134' title='bbox 1182 1146 1297 1201; x_wconf 85' lang='lat' dir='ltr'>Bene</span> <span class='ocrx_word' id='word_1_135' title='bbox 1326 1165 1366 1200; x_wconf 80' lang='lat' dir='ltr'>et</span> <span class='ocrx_word' id='word_1_136' title='bbox 1398 1161 1479 1209; x_wconf 89' lang='lat' dir='ltr'>ille,</span> 
     </span>
     <span class='ocr_line' id='line_1_17' title="bbox 85 1219 1482 1279; baseline 0 -13"><span class='ocrx_word' id='word_1_137' title='bbox 85 1219 276 1278; x_wconf 83' lang='lat' dir='ltr'>quisquis</span> <span class='ocrx_word' id='word_1_138' title='bbox 296 1228 393 1275; x_wconf 81' lang='lat' dir='ltr'>fuit,</span> <span class='ocrx_word' id='word_1_139' title='bbox 415 1227 650 1278; x_wconf 84' lang='lat' dir='ltr'>ambigitur</span> <span class='ocrx_word' id='word_1_140' title='bbox 669 1228 781 1267; x_wconf 89' lang='lat' dir='ltr'>enim</span> <span class='ocrx_word' id='word_1_141' title='bbox 803 1228 855 1267; x_wconf 78' lang='lat' dir='ltr'>cle</span> <span class='ocrx_word' id='word_1_142' title='bbox 876 1234 1064 1277; x_wconf 78' lang='lat' dir='ltr'>auctore,</span> <span class='ocrx_word' id='word_1_143' title='bbox 1087 1242 1183 1268; x_wconf 90' lang='lat' dir='ltr'>cum</span> <span class='ocrx_word' id='word_1_144' title='bbox 1205 1233 1482 1279; x_wconf 76' lang='lat' dir='ltr'>quaereretur</span> 
     </span>
     <span class='ocr_line' id='line_1_18' title="bbox 83 1292 1480 1345; baseline 0.001 -14"><span class='ocrx_word' id='word_1_145' title='bbox 83 1292 136 1332; x_wconf 88' lang='lat' dir='ltr'>ab</span> <span class='ocrx_word' id='word_1_146' title='bbox 158 1292 242 1341; x_wconf 91' lang='lat' dir='ltr'>illo,</span> <span class='ocrx_word' id='word_1_147' title='bbox 265 1306 349 1344; x_wconf 92' lang='lat' dir='ltr'>quo</span> <span class='ocrx_word' id='word_1_148' title='bbox 372 1298 497 1333; x_wconf 81' lang='lat' dir='ltr'>tanta</span> <span class='ocrx_word' id='word_1_149' title='bbox 518 1294 739 1344; x_wconf 84' lang='lat' dir='ltr'>diligentia</span> <span class='ocrx_word' id='word_1_150' title='bbox 762 1295 866 1333; x_wconf 77' lang='lat' dir='ltr'>aitis</span> <span class='ocrx_word' id='word_1_151' title='bbox 887 1300 1101 1345; x_wconf 83' lang='lat' dir='ltr'>spectaret</span> <span class='ocrx_word' id='word_1_152' title='bbox 1123 1295 1177 1335; x_wconf 91' lang='lat' dir='ltr'>ad</span> <span class='ocrx_word' id='word_1_153' title='bbox 1200 1295 1480 1345; x_wconf 83' lang='lat' dir='ltr'>paucissimos</span> 
     </span>
     <span class='ocr_line' id='line_1_19' title="bbox 82 1361 1478 1412; baseline 0.001 -13"><span class='ocrx_word' id='word_1_154' title='bbox 82 1365 380 1410; x_wconf 83' lang='lat' dir='ltr'>perventurae,</span> <span class='ocrx_word' id='word_1_155' title='bbox 401 1361 409 1377; x_wconf 89' lang='lat'><em>‘</em></span> <span class='ocrx_word' id='word_1_156' title='bbox 422 1362 526 1400; x_wconf 87' lang='lat' dir='ltr'>satis</span> <span class='ocrx_word' id='word_1_157' title='bbox 544 1366 644 1400; x_wconf 93' lang='lat' dir='ltr'>sunt</span> <span class='ocrx_word' id='word_1_158' title='bbox 658 1361 666 1377; x_wconf 89' lang='lat'><em>’</em></span> <span class='ocrx_word' id='word_1_159' title='bbox 685 1361 824 1412; x_wconf 82' lang='lat' dir='ltr'>inquit</span> <span class='ocrx_word' id='word_1_160' title='bbox 845 1361 853 1377; x_wconf 79' lang='lat'><em>¹</em></span> <span class='ocrx_word' id='word_1_161' title='bbox 867 1361 970 1400; x_wconf 90' lang='lat' dir='ltr'>mihi</span> <span class='ocrx_word' id='word_1_162' title='bbox 990 1363 1129 1412; x_wconf 86' lang='lat' dir='ltr'>pauci,</span> <span class='ocrx_word' id='word_1_163' title='bbox 1150 1362 1254 1401; x_wconf 84' lang='lat' dir='ltr'>satis</span> <span class='ocrx_word' id='word_1_164' title='bbox 1272 1366 1335 1401; x_wconf 91' lang='lat' dir='ltr'>est</span> <span class='ocrx_word' id='word_1_165' title='bbox 1354 1374 1478 1408; x_wconf 87' lang='lat' dir='ltr'>unus,</span> 
     </span>
     <span class='ocr_line' id='line_1_20' title="bbox 82 1427 1480 1479; baseline 0.001 -14"><span class='ocrx_word' id='word_1_166' title='bbox 82 1427 186 1466; x_wconf 88' lang='lat' dir='ltr'>satis</span> <span class='ocrx_word' id='word_1_167' title='bbox 225 1432 289 1466; x_wconf 89' lang='lat' dir='ltr'>est</span> <span class='ocrx_word' id='word_1_168' title='bbox 329 1427 498 1467; x_wconf 86' lang='lat' dir='ltr'>nullus.&#39;</span> <span class='ocrx_word' id='word_1_169' title='bbox 560 1427 738 1478; x_wconf 85' lang='lat' dir='ltr'>Egregie</span> <span class='ocrx_word' id='word_1_170' title='bbox 778 1427 857 1467; x_wconf 87' lang='lat' dir='ltr'>hoc</span> <span class='ocrx_word' id='word_1_171' title='bbox 898 1429 1074 1468; x_wconf 80' lang='lat' dir='ltr'>tertium</span> <span class='ocrx_word' id='word_1_172' title='bbox 1115 1428 1340 1479; x_wconf 84' lang='lat' dir='ltr'>Epicurus,</span> <span class='ocrx_word' id='word_1_173' title='bbox 1384 1441 1480 1467; x_wconf 91' lang='lat' dir='ltr'>cum</span> 
     </span>
     <span class='ocr_line' id='line_1_21' title="bbox 81 1493 1478 1535; baseline 0.001 -3"><span class='ocrx_word' id='word_1_174' title='bbox 81 1493 154 1532; x_wconf 92' lang='lat' dir='ltr'>uni</span> <span class='ocrx_word' id='word_1_175' title='bbox 187 1506 241 1533; x_wconf 82' lang='lat' dir='ltr'>ex</span> <span class='ocrx_word' id='word_1_176' title='bbox 274 1494 542 1534; x_wconf 83' lang='lat' dir='ltr'>consortibus</span> <span class='ocrx_word' id='word_1_177' title='bbox 575 1495 817 1534; x_wconf 84' lang='lat' dir='ltr'>studiorum</span> <span class='ocrx_word' id='word_1_178' title='bbox 851 1508 1026 1534; x_wconf 89' lang='lat' dir='ltr'>suorum</span> <span class='ocrx_word' id='word_1_179' title='bbox 1060 1494 1284 1535; x_wconf 88' lang='lat' dir='ltr'>scriberet:</span> <span class='ocrx_word' id='word_1_180' title='bbox 1333 1494 1478 1534; x_wconf 85' lang='lat' dir='ltr'>‘haec’</span> 
     </span>
     <span class='ocr_line' id='line_1_22' title="bbox 81 1559 1481 1612; baseline 0.001 -14"><span class='ocrx_word' id='word_1_181' title='bbox 81 1559 221 1610; x_wconf 88' lang='lat' dir='ltr'>inquit</span> <span class='ocrx_word' id='word_1_182' title='bbox 243 1560 340 1610; x_wconf 86' lang='lat' dir='ltr'>‘ego</span> <span class='ocrx_word' id='word_1_183' title='bbox 362 1573 448 1599; x_wconf 92' lang='lat' dir='ltr'>non</span> <span class='ocrx_word' id='word_1_184' title='bbox 468 1560 629 1609; x_wconf 90' lang='lat' dir='ltr'>multis,</span> <span class='ocrx_word' id='word_1_185' title='bbox 653 1561 725 1600; x_wconf 91' lang='lat' dir='ltr'>sed</span> <span class='ocrx_word' id='word_1_186' title='bbox 748 1561 848 1600; x_wconf 83' lang='lat' dir='ltr'>tibi:</span> <span class='ocrx_word' id='word_1_187' title='bbox 885 1561 989 1601; x_wconf 83' lang='lat' dir='ltr'>satis</span> <span class='ocrx_word' id='word_1_188' title='bbox 1010 1562 1123 1601; x_wconf 90' lang='lat' dir='ltr'>enim</span> <span class='ocrx_word' id='word_1_189' title='bbox 1144 1574 1350 1612; x_wconf 85' lang='lat' dir='ltr'>magnum</span> <span class='ocrx_word' id='word_1_190' title='bbox 1373 1561 1481 1600; x_wconf 86' lang='lat' dir='ltr'>alter</span> 
     </span>
     <span class='ocr_line' id='line_1_23' title="bbox 81 1625 1479 1675; baseline 0.002 -11"><span class='ocrx_word' id='word_1_191' title='bbox 81 1625 203 1665; x_wconf 87' lang='lat' dir='ltr'>alteri</span> <span class='ocrx_word' id='word_1_192' title='bbox 244 1625 463 1666; x_wconf 85' lang='lat' dir='ltr'>theatrum</span> <span class='ocrx_word' id='word_1_193' title='bbox 502 1628 678 1667; x_wconf 89' lang='lat' dir='ltr'>sumus.’</span> <span class='ocrx_word' id='word_1_194' title='bbox 740 1627 844 1675; x_wconf 83' lang='lat' dir='ltr'>Ista,</span> <span class='ocrx_word' id='word_1_195' title='bbox 885 1628 942 1666; x_wconf 90' lang='lat' dir='ltr'>mi</span> <span class='ocrx_word' id='word_1_196' title='bbox 984 1627 1131 1675; x_wconf 90' lang='lat' dir='ltr'>Lucili,</span> <span class='ocrx_word' id='word_1_197' title='bbox 1174 1628 1397 1667; x_wconf 85' lang='lat' dir='ltr'>condenda</span> <span class='ocrx_word' id='word_1_198' title='bbox 1436 1628 1479 1666; x_wconf 93' lang='lat' dir='ltr'>in</span> 
     </span>
     <span class='ocr_line' id='line_1_24' title="bbox 81 1692 1478 1744; baseline 0.001 -14"><span class='ocrx_word' id='word_1_199' title='bbox 81 1692 273 1731; x_wconf 91' lang='lat' dir='ltr'>animum</span> <span class='ocrx_word' id='word_1_200' title='bbox 319 1697 433 1741; x_wconf 85' lang='lat' dir='ltr'>sunt,</span> <span class='ocrx_word' id='word_1_201' title='bbox 480 1697 527 1732; x_wconf 91' lang='lat' dir='ltr'>ut</span> <span class='ocrx_word' id='word_1_202' title='bbox 578 1698 829 1734; x_wconf 87' lang='lat' dir='ltr'>contemnas</span> <span class='ocrx_word' id='word_1_203' title='bbox 875 1694 1147 1744; x_wconf 68' lang='lat' dir='ltr'>voluptatem</span> <span class='ocrx_word' id='word_1_204' title='bbox 1193 1707 1247 1733; x_wconf 84' lang='lat' dir='ltr'>ex</span> <span class='ocrx_word' id='word_1_205' title='bbox 1292 1693 1478 1744; x_wconf 90' lang='lat' dir='ltr'>plurium</span> 
     </span>
     <span class='ocr_line' id='line_1_25' title="bbox 81 1758 1479 1810; baseline 0.002 -14"><span class='ocrx_word' id='word_1_206' title='bbox 81 1758 332 1798; x_wconf 87' lang='lat' dir='ltr'>adsensione</span> <span class='ocrx_word' id='word_1_207' title='bbox 387 1759 644 1799; x_wconf 76' lang='lat' dir='ltr'>venientem.</span> <span class='ocrx_word' id='word_1_208' title='bbox 714 1759 835 1799; x_wconf 82' lang='lat' dir='ltr'>Multi</span> <span class='ocrx_word' id='word_1_209' title='bbox 894 1765 935 1800; x_wconf 87' lang='lat' dir='ltr'>te</span> <span class='ocrx_word' id='word_1_210' title='bbox 990 1760 1184 1800; x_wconf 84' lang='lat' dir='ltr'>laudant.</span> <span class='ocrx_word' id='word_1_211' title='bbox 1264 1760 1321 1799; x_wconf 89' lang='lat' dir='ltr'>Et</span> <span class='ocrx_word' id='word_1_212' title='bbox 1376 1759 1479 1810; x_wconf 85' lang='lat' dir='ltr'>quid</span> 
     </span>
     <span class='ocr_line' id='line_1_26' title="bbox 82 1822 1477 1877; baseline 0.001 -15"><span class='ocrx_word' id='word_1_213' title='bbox 82 1822 227 1872; x_wconf 90' lang='lat' dir='ltr'>habes,</span> <span class='ocrx_word' id='word_1_214' title='bbox 259 1837 332 1864; x_wconf 89' lang='lat' dir='ltr'>cur</span> <span class='ocrx_word' id='word_1_215' title='bbox 358 1824 526 1875; x_wconf 84' lang='lat' dir='ltr'>placeas</span> <span class='ocrx_word' id='word_1_216' title='bbox 554 1825 647 1874; x_wconf 87' lang='lat' dir='ltr'>tibi,</span> <span class='ocrx_word' id='word_1_217' title='bbox 677 1827 709 1865; x_wconf 91' lang='lat' dir='ltr'>si</span> <span class='ocrx_word' id='word_1_218' title='bbox 738 1826 772 1866; x_wconf 92' lang='lat' dir='ltr'>is</span> <span class='ocrx_word' id='word_1_219' title='bbox 799 1839 856 1874; x_wconf 87' lang='lat' dir='ltr'>es,</span> <span class='ocrx_word' id='word_1_220' title='bbox 886 1839 1013 1877; x_wconf 92' lang='lat' dir='ltr'>quem</span> <span class='ocrx_word' id='word_1_221' title='bbox 1041 1826 1293 1876; x_wconf 86' lang='lat' dir='ltr'>intellegant</span> <span class='ocrx_word' id='word_1_222' title='bbox 1321 1825 1477 1865; x_wconf 75' lang='lat' dir='ltr'>multi?</span> 
     </span>
     <span class='ocr_line' id='line_1_27' title="bbox 80 1888 984 1942; baseline 0.003 -14"><span class='ocrx_word' id='word_1_223' title='bbox 80 1888 296 1930; x_wconf 88' lang='lat' dir='ltr'>Introrsus</span> <span class='ocrx_word' id='word_1_224' title='bbox 327 1890 439 1930; x_wconf 87' lang='lat' dir='ltr'>bona</span> <span class='ocrx_word' id='word_1_225' title='bbox 469 1896 545 1931; x_wconf 86' lang='lat' dir='ltr'>tua</span> <span class='ocrx_word' id='word_1_226' title='bbox 575 1896 783 1942; x_wconf 88' lang='lat' dir='ltr'>spectent.</span> <span class='ocrx_word' id='word_1_227' title='bbox 844 1892 984 1931; x_wconf 62' lang='lat' dir='ltr'><strong>VALE.</strong></span> 
     </span>
    </p>
   </div>
   <div class='ocr_carea' id='block_1_3' title="bbox 400 2046 1160 2176">
    <p class='ocr_par' dir='ltr' id='par_1_4' title="bbox 400 2046 1160 2176">
     <span class='ocr_line' id='line_1_28' title="bbox 564 2046 996 2087; baseline 0 -2"><span class='ocrx_word' id='word_1_228' title='bbox 564 2046 847 2087; x_wconf 58' lang='lat' dir='ltr'>EPISTULA</span> <span class='ocrx_word' id='word_1_229' title='bbox 888 2047 996 2086; x_wconf 60' lang='lat' dir='ltr'>VIII</span> 
     </span>
     <span class='ocr_line' id='line_1_29' title="bbox 400 2135 1160 2176; baseline 0 -1"><span class='ocrx_word' id='word_1_230' title='bbox 400 2135 579 2175; x_wconf 65' lang='lat' dir='ltr'>SENECA</span> <span class='ocrx_word' id='word_1_231' title='bbox 612 2135 801 2175; x_wconf 55' lang='lat' dir='ltr'>Lucum</span> <span class='ocrx_word' id='word_1_232' title='bbox 834 2148 918 2175; x_wconf 64' lang='lat' dir='ltr'>sco</span> <span class='ocrx_word' id='word_1_233' title='bbox 952 2148 1160 2176; x_wconf 61' lang='lat' dir='ltr'>SALUTEM</span> 
     </span>
    </p>
   </div>
   <div class='ocr_carea' id='block_1_4' title="bbox 78 2222 1478 2342">
    <p class='ocr_par' dir='ltr' id='par_1_5' title="bbox 78 2222 1478 2342">
     <span class='ocr_line' id='line_1_30' title="bbox 135 2222 1478 2274; baseline 0.002 -13"><span class='ocrx_word' id='word_1_234' title='bbox 135 2222 220 2262; x_wconf 88' lang='lat' dir='ltr'>‘Tu</span> <span class='ocrx_word' id='word_1_235' title='bbox 249 2223 336 2262; x_wconf 82' lang='lat' dir='ltr'>me&#39;</span> <span class='ocrx_word' id='word_1_236' title='bbox 365 2224 507 2274; x_wconf 87' lang='lat' dir='ltr'>inquis</span> <span class='ocrx_word' id='word_1_237' title='bbox 536 2224 695 2264; x_wconf 69' lang='lat' dir='ltr'>‘vitare</span> <span class='ocrx_word' id='word_1_238' title='bbox 724 2224 897 2264; x_wconf 76' lang='lat' dir='ltr'>turbam</span> <span class='ocrx_word' id='word_1_239' title='bbox 926 2225 1059 2273; x_wconf 84' lang='lat' dir='ltr'>iubes,</span> <span class='ocrx_word' id='word_1_240' title='bbox 1089 2225 1281 2265; x_wconf 85' lang='lat' dir='ltr'>secedere</span> <span class='ocrx_word' id='word_1_241' title='bbox 1309 2230 1351 2265; x_wconf 90' lang='lat' dir='ltr'>et</span> <span class='ocrx_word' id='word_1_242' title='bbox 1381 2239 1478 2265; x_wconf 89' lang='lat' dir='ltr'>con-</span> 
     </span>
     <span class='ocr_line' id='line_1_31' title="bbox 78 2288 1477 2342; baseline 0.002 -15"><span class='ocrx_word' id='word_1_243' title='bbox 78 2288 256 2328; x_wconf 86' lang='lat' dir='ltr'>scientia</span> <span class='ocrx_word' id='word_1_244' title='bbox 281 2302 371 2328; x_wconf 91' lang='lat' dir='ltr'>esse</span> <span class='ocrx_word' id='word_1_245' title='bbox 399 2292 682 2329; x_wconf 81' lang='lat' dir='ltr'>contentum?</span> <span class='ocrx_word' id='word_1_246' title='bbox 725 2290 807 2330; x_wconf 77' lang='lat' dir='ltr'>Ubi</span> <span class='ocrx_word' id='word_1_247' title='bbox 834 2291 904 2329; x_wconf 85' lang='lat' dir='ltr'>illa</span> <span class='ocrx_word' id='word_1_248' title='bbox 930 2296 1160 2341; x_wconf 84' lang='lat' dir='ltr'>praecepta</span> <span class='ocrx_word' id='word_1_249' title='bbox 1187 2297 1344 2339; x_wconf 74' lang='lat' dir='ltr'>vestra,</span> <span class='ocrx_word' id='word_1_250' title='bbox 1367 2304 1477 2342; x_wconf 84' lang='lat' dir='ltr'>quae</span> 
     </span>
    </p>
   </div>
   <div class='ocr_carea' id='block_1_5' title="bbox 1511 910 1547 938">
    <p class='ocr_par' dir='ltr' id='par_1_6' title="bbox 1511 910 1547 938">
     <span class='ocr_line' id='line_1_32' title="bbox 1511 910 1547 938; baseline 0 0"><span class='ocrx_word' id='word_1_251' title='bbox 1511 910 1547 938; x_wconf 87' lang='grc'>10</span> 
     </span>
    </p>
   </div>
   <div class='ocr_carea' id='block_1_6' title="bbox 1511 1172 1546 1199">
    <p class='ocr_par' dir='ltr' id='par_1_7' title="bbox 1511 1172 1546 1199">
     <span class='ocr_line' id='line_1_33' title="bbox 1511 1172 1546 1199; baseline 0 0"><span class='ocrx_word' id='word_1_252' title='bbox 1511 1172 1546 1199; x_wconf 90' lang='grc'>11</span> 
     </span>
    </p>
   </div>
   <div class='ocr_carea' id='block_1_7' title="bbox 1510 1636 1545 1663">
    <p class='ocr_par' dir='ltr' id='par_1_8' title="bbox 1510 1636 1545 1663">
     <span class='ocr_line' id='line_1_34' title="bbox 1510 1636 1545 1663; baseline 0 0"><span class='ocrx_word' id='word_1_253' title='bbox 1510 1636 1545 1663; x_wconf 68' lang='lat'>12</span> 
     </span>
    </p>
   </div>
   <div class='ocr_carea' id='block_1_8' title="bbox 1505 2232 1521 2260">
    <p class='ocr_par' dir='ltr' id='par_1_9' title="bbox 1505 2232 1521 2260">
     <span class='ocr_line' id='line_1_35' title="bbox 1505 2232 1521 2260; baseline 0 0"><span class='ocrx_word' id='word_1_254' title='bbox 1505 2232 1521 2260; x_wconf 92' lang='lat'>1</span> 
     </span>
    </p>
   </div>
  </div>
 </body>
</html>
