1667 2524
152 140 208 184 98
598 143 637 179 L.
674 144 867 178 ANNAEI
901 145 1128 181 SENECAE

152 279 227 306 nec
267 279 371 305 auro
410 270 671 317 argentoque
709 279 914 317 suspenso
952 279 1027 306 nec
1066 266 1109 305 in
1147 265 1401 320 thensauros
1438 265 1549 317 stipe

106 343 125 371 6
152 332 307 381 infusa,
337 333 410 372 sed
441 332 512 383 pia
540 337 582 372 et
614 337 730 373 recta
751 332 990 372 voluntate.
1053 333 1204 380 Nemo,
1233 332 1425 383 inquam,
1463 345 1549 372 non

153 412 295 439 amore
335 399 425 438 eius
464 399 646 447 arderet,
686 399 720 438 si
760 399 882 439 nobis
921 399 1038 438 illam
1078 399 1221 439 videre
1261 399 1549 449 contingeret:

153 476 264 502 nunc
285 462 398 502 enim
420 462 557 502 multa
577 462 863 513 obstrigillant
884 466 926 502 et
948 462 1081 503 aciem
1102 467 1294 502 nostram
1315 467 1390 502 aut
1411 462 1550 512 splen-

151 529 252 569 dore
290 529 421 568 nimio
460 529 752 579 repercutiunt
791 533 866 569 aut
905 529 1081 569 obscure
1120 529 1319 569 retinent.
1380 528 1462 569 Sed
1499 528 1548 576 si,

152 595 519 646 quemadmodum
547 595 663 635 visus
690 595 910 635 oculorum
938 595 1197 646 quibusdam
1226 594 1549 635 medicamentis

152 662 245 702 acui
276 662 381 702 solet
413 666 455 702 et
488 661 718 712 repurgari,
741 661 798 702 sic
827 675 904 701 nos
933 661 1067 701 aciem
1099 661 1230 701 animi
1262 661 1440 701 liberare
1472 661 1549 700 im-

152 728 409 779 pedimentis
456 728 730 777 voluerimus,
778 728 1014 778 poterimus
1060 727 1295 778 perspicere
1342 727 1549 767 virtutem

151 795 282 836 etiam
307 796 507 834 obrutam
532 808 720 845 corpore,
744 794 876 834 etiam
900 799 1157 845 paupertate
1181 794 1393 844 opposita,
1417 794 1549 834 etiam

107 877 124 907 7
152 860 396 901 humilitate
426 866 468 901 et
500 861 679 900 infamia
710 860 1019 901 obiacentibus.
1080 860 1325 909 Cernemus,
1356 860 1548 911 inquam,

152 927 516 979 pulchritudinem
537 927 654 967 illam
676 927 875 978 quamvis
897 927 1068 967 sordido
1090 927 1323 967 obtectam.
1385 927 1550 966 Rursus

153 1007 286 1045 aeque
319 994 528 1034 malitiam
558 998 601 1034 et
633 994 874 1034 aerumnosi
907 993 1037 1033 animi
1068 998 1295 1033 veternum
1327 993 1551 1044 perspicie-

154 1073 261 1109 mus,
280 1060 478 1111 quamvis
496 1060 658 1100 multus
676 1060 786 1100 circa
802 1060 1053 1100 divitiarum
1071 1060 1333 1100 radiantium
1350 1060 1552 1110 splendor

152 1126 360 1177 impediat
398 1131 441 1166 et
479 1126 722 1167 intuentem
761 1126 858 1166 hinc
894 1126 1121 1174 honorumy
1150 1126 1264 1166 illinc
1296 1139 1550 1177 magnarum

108 1208 126 1237 8
153 1193 437 1244 potestatium
473 1192 582 1232 falsa
616 1192 690 1232 lux
726 1193 934 1233 verberet.
995 1193 1114 1233 Tunc
1150 1192 1392 1243 intellegere
1428 1192 1550 1232 nobis

153 1259 311 1308 licebit,
355 1272 486 1310 quam
531 1260 846 1300 contemnenda
889 1259 1105 1308 miremur,
1149 1259 1351 1298 simillimi
1394 1259 1549 1310 pueris,

152 1326 308 1377 quibus
341 1339 465 1365 omne
497 1325 708 1366 ludicrum
740 1325 783 1365 in
816 1326 954 1376 pretio
985 1330 1071 1366 est:
1120 1326 1372 1376 parentibus
1390 1326 1548 1377 quippe

152 1406 228 1433 nec
252 1392 392 1431 minus
415 1391 620 1432 fratribus
643 1392 889 1442 praeferunt
913 1405 1048 1443 parvo
1072 1405 1166 1432 aere
1191 1396 1338 1443 empta
1362 1392 1547 1432 monilia.

153 1458 264 1508 Quid
294 1471 392 1508 ergo
421 1457 533 1498 inter
561 1471 637 1497 nos
666 1462 708 1498 et
738 1458 830 1498 illos
859 1458 1051 1507 interest,
1081 1463 1130 1498 ut
1161 1458 1335 1498 Ariston
1365 1458 1440 1507 ait,
1471 1458 1549 1498 nisi

153 1525 267 1576 quod
290 1537 366 1564 nos
388 1524 498 1564 circa
518 1524 690 1564 tabulas
710 1529 752 1564 et
775 1529 943 1564 statuas
964 1525 1201 1565 insanimus
1224 1525 1361 1565 carius
1383 1525 1549 1575 inepti?

154 1592 254 1631 Illos
292 1591 447 1642 reperti
485 1591 528 1630 in
565 1591 687 1631 litore
726 1591 874 1631 calculi
913 1591 1025 1631 leves
1062 1596 1104 1631 et
1144 1591 1303 1642 aliquid
1343 1591 1551 1631 habentes

156 1657 377 1698 varietatis
400 1657 632 1706 delectant,
658 1670 734 1697 nos
758 1657 996 1708 ingentium
1022 1658 1214 1698 maculae
1238 1658 1549 1706 columnarum,

154 1724 242 1764 sive
278 1738 330 1764 ex
367 1723 590 1774 Aegyptiis
626 1723 794 1764 harenis
830 1724 919 1764 sive
954 1738 1007 1764 ex
1044 1724 1211 1764 Africae
1247 1724 1551 1764 solitudinibus

155 1791 362 1831 advectae
379 1790 592 1841 porticum
611 1790 799 1842 aliquam
816 1791 883 1831 vel
901 1804 1101 1842 capacem
1119 1791 1265 1841 populi
1282 1790 1550 1831 cenationem

109 1870 127 1896 ε)
154 1855 311 1894 ferunt.
372 1854 579 1894 Miramur
607 1854 790 1905 parietes
819 1855 938 1894 tenui
969 1868 1179 1895 marmore
1209 1854 1422 1903 inductos,
1453 1866 1550 1894 cum

154 1920 352 1969 sciamus,
404 1920 528 1972 quale
578 1920 632 1960 sit
684 1921 798 1972 quod
850 1921 1141 1961 absconditur.
1203 1920 1346 1960 Oculis
1395 1920 1551 1960 nostris

154 1987 429 2037 imponimus,
465 1991 507 2026 et
549 2000 645 2027 cum
686 2000 790 2026 auro
829 1992 945 2027 tecta
985 1986 1264 2037 perfudimus,
1296 1986 1398 2037 quid
1435 1986 1550 2026 aliud

155 2067 285 2104 quam
313 2053 536 2093 mendacio
562 2053 829 2103 gaudemus?
875 2051 1063 2093 Sciemus
1093 2053 1206 2093 enim
1237 2052 1316 2092 sub
1346 2052 1417 2092 illo
1448 2065 1551 2092 auro

155 2120 281 2159 foeda
305 2119 419 2169 ligna
447 2119 631 2159 latitare.
694 2120 779 2159 Nec
808 2124 982 2158 tantum
1014 2119 1249 2169 parietibus
1274 2123 1348 2158 aut
1380 2118 1552 2159 lacuna-

156 2185 272 2226 ribus
294 2190 597 2225 ornamentum
619 2189 748 2225 tcnue
779 2185 1096 2236 praetenditur:
1142 2184 1333 2224 omnium
1355 2179 1550 2233 istorum,

155 2265 263 2303 quos
284 2251 477 2292 incedere
499 2251 609 2291 altos
630 2251 763 2299 vides,
785 2252 1009 2291 bracteata
1029 2251 1210 2291 felicitas
1230 2255 1307 2291 est.
1369 2250 1551 2301 Inspice,

154 2322 197 2358 et
236 2317 355 2366 scies,
393 2317 472 2357 sub
511 2317 594 2357 ista
631 2317 750 2357 tenui
790 2317 1040 2357 membrana
1076 2317 1300 2368 dignitatis
1338 2321 1551 2368 quantum
