1667 2524
335 112 403 145 AD
439 110 689 145 NERONEM
723 110 790 143 DE
823 108 1116 144 CLEMENTIA
1150 110 1245 142 LIB.
1281 110 1297 143 I
1463 106 1517 148 43

449 231 565 281 Rege
587 229 789 270 incolumi
812 242 931 270 mens
953 229 1152 269 omnibus
1173 242 1280 279 una余

284 297 439 338 amisso
462 310 610 348 rupere
631 297 773 337 fidem.

118 430 199 470 Hic
223 443 344 470 casus
367 430 590 469 Romanae
612 428 728 479 pacis
749 427 930 468 exitium
952 427 1046 476 erit,
1070 427 1136 468 hic
1158 428 1272 468 tanti
1295 427 1515 468 fortunam

118 495 265 546 populi
287 495 330 535 in
355 495 497 535 ruinas
521 499 638 545 aget余
677 499 769 534 tam
792 494 865 534 diu
890 494 943 534 ab
967 494 1049 534 isto
1073 494 1259 545 periculo
1282 495 1418 535 aberit
1450 495 1516 535 hic

118 562 315 612 populus,
356 575 487 612 quam
526 561 600 601 diu
639 561 742 601 sciet
782 561 889 601 ferre
928 561 1084 610 frenos,
1124 574 1231 612 quos
1269 561 1304 601 si
1342 562 1517 612 quando

119 627 337 678 abruperit
378 628 444 668 vel
485 627 628 678 aliquo
669 641 770 668 casu
810 627 1021 667 discussos
1061 627 1209 678 reponi
1248 627 1328 667 sibi
1367 641 1517 678 passus

118 707 204 733 non
239 694 333 742 erit,
370 694 473 734 haec
509 694 654 734 unitas
689 699 732 734 et
769 694 835 734 hic
873 694 1050 733 maximi
1086 694 1252 744 imperii
1288 699 1518 735 contextus

118 760 162 800 in
191 765 334 811 partes
365 761 523 800 multas
552 761 745 809 dissiliet,
775 760 975 812 idemque
1005 760 1102 801 huic
1132 760 1229 800 urbi
1257 761 1352 801 finis
1382 761 1519 801 domi-

119 827 251 867 nandi
283 827 376 875 erit,
412 827 485 878 qui
519 827 696 877 parendi
729 827 870 867 fuerit.
932 828 1035 867 Ideo
1069 827 1280 877 principes
1314 841 1517 878 regesque

118 897 161 933 et
200 906 471 944 quocumque
510 893 592 933 alio
630 893 801 934 nomine
839 898 940 933 sunt
979 897 1144 933 tutores
1182 898 1323 933 status
1358 893 1519 944 publici

119 973 205 998 non
227 964 291 999 est
317 959 471 999 mirum
495 960 629 999 amari
653 960 767 1000 ultra
790 960 983 1010 privatas
1006 960 1138 999 etiam
1162 960 1518 1009 necessitudines余

119 1039 220 1065 nam
258 1026 292 1065 si
330 1026 443 1065 sanis
482 1026 726 1066 hominibus
765 1026 936 1076 publica
975 1026 1156 1076 privatis
1194 1026 1363 1076 potiora
1401 1031 1518 1075 sunt,

119 1092 325 1143 sequitur,
354 1097 402 1132 ut
432 1093 465 1132 is
494 1106 664 1143 quoque
693 1092 829 1132 carior
855 1092 924 1140 sit,
954 1092 997 1131 in
1027 1105 1154 1143 quem
1183 1106 1226 1132 se
1254 1106 1318 1132 res
1347 1093 1519 1143 publica

121 1159 347 1199 convertit.
409 1159 520 1199 Olim
552 1159 666 1199 enim
696 1159 758 1199 ita
788 1172 831 1199 se
862 1159 1002 1198 induit
1035 1159 1092 1199 rei
1123 1159 1318 1209 publicae
1349 1160 1517 1208 Caesar,

119 1230 168 1265 ut
208 1225 352 1265 seduci
392 1226 573 1265 alterum
614 1239 699 1264 non
739 1230 881 1276 posset
922 1225 1010 1265 51116
1050 1225 1273 1276 utriusque
1312 1226 1495 1276 pernicie
1507 1239 1516 1276 余

120 1297 285 1332 namet
308 1292 367 1331 illi
389 1292 550 1331 viribus
573 1305 680 1342 opus
701 1296 765 1332 est
788 1296 830 1331 et
854 1291 951 1331 huic
975 1291 1128 1342 capite.

176 1359 225 1398 V.
269 1358 453 1408 Longius
484 1359 656 1398 videtur
686 1358 901 1398 recessisse
932 1371 957 1397 a
986 1358 1207 1408 proposito
1237 1358 1376 1398 oratio
1408 1372 1516 1407 mea,

122 1429 166 1465 at
199 1424 457 1465 mehercules
488 1438 575 1464 rem
609 1424 746 1475 ipsam
778 1424 946 1475 premit.
1009 1425 1119 1463 Nam
1152 1424 1200 1473 si,
1230 1425 1344 1475 quod
1377 1425 1516 1465 adhuc

120 1492 292 1541 colligit,
318 1496 367 1531 tu
394 1491 560 1530 animus
586 1491 644 1531 rei
670 1491 865 1541 publicae
890 1496 991 1531 tuae
1017 1504 1074 1539 es,
1101 1490 1172 1530 illa
1198 1504 1350 1542 corpus
1375 1496 1516 1540 tuum,

120 1558 254 1606 vides,
281 1562 329 1597 ut
357 1562 478 1608 puto,
507 1571 637 1608 quam
664 1557 900 1597 necessaria
926 1557 980 1597 sit
1009 1557 1256 1606 clement-iffi
1298 1558 1378 1597 tibi
1403 1558 1516 1598 enim

121 1624 272 1675 parcis,
315 1638 411 1664 cum
454 1624 609 1664 videris
651 1624 773 1664 alteri
814 1637 998 1674 parcere.
1060 1624 1328 1664 Parcendum
1369 1624 1516 1675 itaque

120 1695 184 1731 est
215 1691 346 1731 etiam
378 1690 670 1741 improbandis
693 1690 858 1730 civibus
880 1703 966 1729 non
998 1690 1121 1744 aliter
1151 1703 1282 1741 quam
1315 1691 1516 1731 membris

120 1757 436 1807 languentibus,
479 1762 537 1805 et,
579 1756 613 1796 si
655 1757 829 1808 quando
872 1756 999 1796 misso
1041 1756 1246 1807 sanguine
1289 1770 1395 1807 opus
1436 1762 1515 1806 est,

119 1824 370 1864 sustinenda
395 1828 458 1864 est
486 1836 649 1873 manus,
672 1837 723 1863 ne
750 1823 877 1872 ultra,
900 1836 1031 1874 quam
1058 1836 1226 1863 necesse
1252 1823 1321 1871 sit,
1338 1823 1514 1863 incidat.

121 1891 198 1931 Est
221 1904 333 1941 ergo,
357 1895 405 1930 ut
429 1891 639 1939 dicebam,
665 1890 893 1931 clementia
916 1889 1114 1929 omnibus
1138 1889 1312 1940 quidem
1336 1889 1516 1929 homini-

120 1957 199 1996 bus
232 1957 467 1997 secundum
500 1962 716 2005 naturam,
751 1957 936 1996 maxime
969 1961 1116 1996 tamen
1149 1956 1303 1996 decora
1334 1955 1516 2006 impera-

120 2023 298 2071 toribus,
347 2028 511 2074 quanto
558 2023 652 2074 plus
700 2022 829 2063 habet
878 2023 992 2072 apud
1040 2022 1146 2070 illos,
1196 2022 1311 2072 quod
1358 2026 1513 2071 servet,

120 2094 369 2141 quantoque
394 2090 437 2129 in
463 2090 619 2130 maiore
646 2090 825 2130 materia
851 2094 1044 2140 apparet.
1105 2089 1374 2139 Quantulum
1399 2088 1513 2128 enim

120 2160 244 2196 nocet
295 2156 466 2207 privata
516 2156 767 2197 crudelitas!
834 2155 1074 2206 principum
1124 2156 1306 2196 saevitia
1355 2155 1513 2195 bellum

120 2226 197 2262 est.
257 2222 364 2262 Cum
403 2227 547 2263 autem
586 2223 820 2263 virtutibus
857 2222 970 2263 inter
1007 2236 1047 2262 se
1084 2223 1136 2262 sit
1173 2223 1400 2263 concordia
1437 2235 1512 2262 nec
1543 2234 1565 2263 3

120 2288 207 2328 ulla
249 2289 383 2329 altera
427 2289 573 2329 melior
615 2293 690 2329 aut
735 2288 952 2329 honestior
994 2289 1063 2338 sit,
1108 2289 1322 2340 quaedam
1365 2294 1511 2330 tamen
