1667 2524
355 113 424 147 AD
457 112 725 146 POLYBIUM
758 112 828 145 DE
861 112 1249 147 CONSOLATIONE
1490 109 1516 150 3

112 233 296 283 corporis
341 232 508 272 dolores
552 232 771 272 emineret.
833 231 1030 282 Eriperes
1075 231 1308 281 spiritum?
1368 232 1513 280 Quan-

111 299 252 339 tulum
286 299 524 339 nocuisses!
584 298 899 349 Longissimum
935 298 993 336 illi
1028 298 1169 348 ingeni
1205 310 1361 337 aevum
1397 299 1515 338 fama

110 365 305 416 promisit
317 378 326 414 ;
375 365 418 405 id
452 365 539 415 egit
573 365 676 416 ipse,
712 369 760 404 ut
799 364 970 404 meliore
1005 364 1068 403 sui
1104 369 1227 415 parte
1261 362 1437 404 duraret
1471 370 1513 405 et

111 431 357 482 compositis
389 431 659 482 eloquentiae
692 431 919 482 praeclaris
952 430 1152 481 operibus
1185 443 1209 469 a
1246 431 1515 471 mortalitate

109 511 153 537 se
201 497 452 537 vindicaret.
514 497 655 546 Quam
702 497 776 537 diu
825 497 954 537 fuerit
1002 496 1113 536 ullus
1162 496 1316 536 litteris
1364 496 1512 546 honor,

110 577 241 615 quam
258 564 331 604 diu
349 564 517 604 steterit
535 569 611 603 aut
630 563 810 603 Latinae
829 563 996 614 linguae
1014 563 1211 614 potentia
1229 568 1305 603 aut
1328 563 1515 604 Graecae

109 631 260 681 gratia,
287 630 449 681 vigebit
476 643 572 670 cum
600 630 800 670 maximis
826 630 941 678 viris,
968 642 1151 681 quorum
1176 643 1219 669 se
1244 630 1423 680 ingeniis
1448 630 1514 670 vel

111 697 291 737 contulit
332 696 412 745 vel,
452 697 487 737 si
525 696 604 736 hoc
644 697 901 737 verecundia
939 697 1028 736 eius
1070 701 1251 745 recusat,
1292 696 1513 747 adplicuit.

114 764 210 816 [22]
256 765 349 805 Hoc
381 778 480 816 ergo
512 778 647 805 unum
679 765 949 815 excogitasti,
984 764 1201 815 quomodo
1237 765 1425 804 maxime
1457 765 1514 804 illi

110 844 253 882 posses
280 845 450 880 nocere;
493 845 578 883 quo
612 831 761 871 melior
786 836 850 871 est
876 831 990 871 enim
1018 831 1212 882 quisque,
1240 831 1320 871 hoc
1347 832 1515 882 saepius

110 898 217 937 ferre
244 902 286 938 te
313 898 536 938 consuevit
563 898 653 938 sine
679 897 764 937 ullo
790 897 950 937 dilectu
976 898 1191 937 furentem
1218 902 1259 937 et
1287 898 1398 937 inter
1423 898 1515 949 ipsa

110 964 315 1004 beneficia
360 964 653 1005 metuendam.
714 963 984 1013 Quantulum
1024 968 1117 1004 erat
1158 964 1236 1004 tibi
1279 964 1514 1004 immunem

112 1030 166 1070 ab
187 1030 265 1071 hac
286 1031 441 1071 iniuria
462 1036 679 1082 praestare
699 1044 798 1071 eum
818 1030 1050 1079 hominem,
1072 1031 1115 1069 in
1135 1044 1263 1082 quem
1285 1031 1515 1071 videbatur

110 1099 376 1150 indulgentia
412 1104 488 1139 tua
524 1100 689 1139 ratione
725 1103 840 1139 certa
875 1098 1117 1149 pervenisse
1151 1103 1194 1138 et
1230 1112 1316 1138 non
1350 1112 1404 1139 ex
1437 1103 1514 1139 tuo

109 1179 225 1205 more
254 1170 413 1206 temere
440 1166 660 1205 incidisse!
678 1167 686 1183 ’

165 1232 248 1271 III.
290 1232 554 1281 Adiciamus,
584 1233 618 1271 si
648 1232 726 1280 vis,
758 1232 811 1272 ad
842 1231 919 1271 has
948 1231 1156 1283 querellas
1186 1232 1319 1283 ipsius
1348 1231 1514 1272 adules-

112 1299 246 1339 centis
297 1299 582 1350 interceptam
634 1299 746 1339 inter
796 1299 935 1349 prima
987 1299 1252 1338 incrementa
1306 1298 1514 1339 indolem:

109 1365 264 1416 dignus
290 1366 371 1405 fuit
401 1365 468 1406 ille
496 1370 538 1406 te
565 1367 710 1405 fratre.
771 1366 835 1405 Tu
865 1370 976 1405 certe
1003 1379 1095 1405 eras
1122 1366 1411 1416 dignissimus,
1440 1366 1513 1417 qui

111 1445 163 1472 ne
188 1446 242 1473 ex
268 1433 442 1483 indigno
470 1433 645 1484 quidem
673 1433 905 1484 quicquam
933 1432 1097 1472 doleres
1124 1433 1277 1472 fratre:
1320 1432 1515 1472 redditur

110 1499 167 1538 illi
198 1499 495 1539 testimonium
525 1499 703 1550 aequale
733 1499 926 1539 omnium
956 1498 1200 1547 hominum;
1246 1499 1515 1539 desideratur

109 1565 154 1604 in
183 1570 308 1605 tuum
338 1565 557 1614 honorem,
590 1566 794 1606 laudatur
822 1566 866 1605 in
895 1579 1034 1605 suum.
1097 1565 1211 1604 Nihil
1242 1565 1285 1604 in
1314 1565 1385 1605 illo
1415 1566 1511 1614 fuit,

110 1634 225 1685 quod
256 1648 342 1675 non
372 1634 554 1675 libenter
583 1648 845 1686 agnosceres.
905 1635 970 1675 Tu
1001 1634 1176 1686 quidem
1206 1634 1338 1674 etiam
1371 1634 1513 1674 minus

109 1700 222 1741 bono
250 1702 373 1742 fratri
402 1703 553 1742 fuisses
582 1702 734 1751 bonus,
765 1702 838 1742 sed
867 1702 911 1741 in
939 1702 1010 1742 illo
1039 1702 1178 1753 pietas
1207 1706 1284 1742 tua
1312 1701 1513 1741 idoneam

110 1773 238 1808 nacta
295 1769 523 1809 materiam
581 1769 719 1810 multo
778 1783 821 1810 se
880 1768 1052 1809 liberiUs
1109 1769 1314 1809 exercuit.
1375 1768 1512 1808 Nemo

109 1835 351 1885 potentiam
385 1836 475 1876 eius
508 1836 663 1876 iniuria
698 1837 844 1885 sensit,
881 1849 1120 1887 numquam
1155 1835 1222 1876 ille
1257 1839 1300 1875 te
1334 1835 1513 1875 fratrem

109 1901 182 1941 ulli
207 1902 397 1942 minatus
421 1907 507 1951 est;
548 1903 603 1943 ad
628 1903 874 1954 exemplum
900 1916 943 1943 se
968 1903 1205 1943 modestiae
1230 1906 1331 1942 tuae
1355 1902 1512 1941 forma-

110 1972 232 2008 verat
261 1968 581 2020 cogitabatque,
612 1974 827 2021 quantum
856 1974 904 2009 tu
933 1974 975 2009 et
1005 1974 1308 2009 ornamentum
1338 1973 1512 2008 tuorum

108 2047 218 2074 esses
243 2039 286 2075 et
311 2048 440 2075 onus:
480 2036 649 2076 suffecit
674 2037 741 2076 ille
767 2036 865 2076 huic
890 2036 1094 2076 sarcinae.
1155 2036 1191 2076 O
1217 2036 1326 2076 dura
1351 2036 1444 2076 fata
1468 2040 1511 2076 et

110 2100 235 2140 nullis
282 2114 422 2152 aequa
470 2102 731 2143 virtutibus!
792 2103 1039 2153 Antequam
1088 2102 1341 2142 felicitatem
1389 2115 1512 2142 suam

109 2171 252 2207 nosset
295 2168 429 2208 frater
472 2172 587 2217 tuus,
633 2173 861 2220 exemptus
906 2173 984 2209 est.
1046 2169 1205 2208 Parum
1251 2173 1398 2209 autem
1443 2182 1511 2209 me

108 2233 319 2284 indignari
360 2235 467 2283 scio;
524 2235 627 2275 nihil
669 2240 733 2276 est
773 2236 888 2276 enim
928 2235 1141 2275 difficilius
1183 2249 1313 2286 quam
1354 2248 1511 2285 magno

108 2298 243 2339 dolori
275 2300 396 2351 paria
427 2300 559 2341 verba
591 2302 784 2353 reperire.
845 2301 1108 2342 Etiamnunc
1141 2306 1302 2349 tamen,
1333 2302 1367 2341 si
1407 2301 1510 2353 quid

1540 243 1559 272 6

1539 1577 1559 1606 2
