1667 2524
346 141 414 176 AD
447 139 714 176 POLYBIUM
748 138 815 173 DE
848 138 1233 174 CONSOLAJQONE
1465 134 1490 178 7

91 263 189 303 Non
205 263 319 303 idem
336 262 415 302 tibi
432 262 476 301 in
493 261 613 301 luctu
629 261 722 311 pari
739 260 855 311 quod
873 260 959 300 tuis
975 259 1182 300 fratribus
1199 259 1295 300 licet
1309 273 1318 308 ;
1351 260 1490 300 multa

90 330 169 370 tibi
187 343 273 369 non
290 329 505 380 permittit
522 328 666 378 opinio
683 327 736 367 de
753 327 908 366 studiis
925 340 973 366 ac
991 326 1182 365 moribus
1200 327 1286 366 tuis
1304 331 1490 377 recepta,

89 396 277 436 multum
314 409 338 435 a
375 400 417 435 te
454 395 648 434 homines
684 394 877 444 exigunt,
916 393 1103 432 multum
1140 397 1388 443 expectant.
1450 394 1492 433 Si

90 463 266 503 volebas
283 462 362 502 tibi
379 462 524 501 omnia
542 461 678 509 licere,
697 474 748 500 ne
767 460 1049 500 convertisses
1066 459 1109 498 in
1127 464 1169 499 te
1187 472 1260 498 ora
1278 460 1492 499 omnium:

91 543 204 570 nunc
234 534 409 570 tantum
439 528 518 568 tibi
548 527 859 579 praestandum
888 531 966 574 est,
999 531 1214 577 quantum
1245 527 1491 577 promisisti.

92 597 250 637 Omnes
276 596 348 644 illi,
376 596 449 646 qui
476 608 605 646 opera
631 594 789 645 ingenii
815 594 879 633 tui
906 593 1101 641 laudant,
1130 593 1203 644 qui
1230 593 1492 641 describunt,

92 664 262 715 quibus,
294 676 390 702 cum
418 663 595 702 fortuna
624 666 701 701 tua
729 674 837 712 opus
866 674 951 699 non
980 661 1050 708 sit,
1080 660 1249 710 ingenio
1280 673 1387 710 opus
1415 665 1494 708 est,

93 731 291 770 custodes
313 730 445 769 animi
473 729 537 769 tui
564 733 679 768 sunt.
741 727 857 767 Nihil
884 740 1094 778 umquam
1122 727 1183 766 ita
1210 731 1334 778 potes
1360 726 1495 777 indig-

93 811 197 836 num
232 798 370 836 facere
407 796 584 847 perfecti
621 799 663 835 et
699 795 856 835 eruditi
893 794 973 833 viri
1011 794 1287 845 professione,
1324 797 1374 833 ut
1410 806 1496 832 non

93 863 253 903 multos
278 863 576 903 admirationis
601 862 653 902 de
678 866 721 902 te
746 875 847 901 suae
872 861 1107 912 paeniteat.
1170 860 1267 899 Non
1293 860 1391 900 licet
1416 859 1495 900 tibi

93 930 191 971 fiere
218 930 458 978 immodice,
486 943 562 969 nec
589 928 669 968 hoc
695 928 1004 969 tantummodo
1031 941 1118 966 non
1145 927 1264 976 licet;
1307 940 1359 967 ne
1385 940 1496 966 som-

94 1010 199 1037 num
221 997 396 1048 quidem
418 996 649 1036 extendere
671 996 715 1034 in
736 999 906 1046 partem
928 995 1011 1034 diei
1036 994 1133 1034 licet
1156 998 1233 1034 aut
1256 1007 1280 1033 a
1304 993 1497 1033 tumultu

94 1077 235 1104 rerum
254 1064 296 1102 in
315 1064 452 1102 otium
472 1063 580 1102 ruris
598 1062 733 1113 quieti
754 1062 980 1112 confugere
1000 1065 1075 1100 aut
1095 1061 1278 1100 adsidua
1297 1060 1497 1100 laboriosi

94 1130 221 1170 officii
243 1130 430 1169 statione
452 1129 686 1179 fatigatum
711 1141 863 1179 corpus
886 1127 1133 1178 voluptaria
1156 1127 1498 1178 peregrinatione

96 1210 282 1237 recreare
322 1201 397 1236 aut
437 1195 781 1246 spectaculorum
821 1195 1033 1234 varietate
1074 1194 1267 1233 animum
1306 1193 1498 1234 detinere

95 1268 172 1303 aut
193 1277 247 1303 ex
268 1268 343 1302 tuo
369 1262 546 1302 arbitrio
570 1262 684 1301 diem
705 1262 944 1312 disponere.
1009 1261 1109 1311 [26]
1145 1260 1284 1300 Multa
1308 1260 1388 1300 tibi
1412 1273 1499 1300 non

96 1330 239 1378 licent,
279 1343 389 1380 quae
427 1329 676 1368 humillimis
713 1332 756 1368 et
794 1328 837 1366 in
875 1327 1031 1378 angulo
1069 1327 1310 1366 iacentibus
1349 1326 1498 1367 licent:

96 1410 253 1448 magna
282 1396 466 1436 servitus
493 1400 557 1435 est
586 1408 742 1445 magna
770 1395 959 1434 fortuna.
1022 1394 1120 1433 Non
1148 1394 1246 1434 licet
1275 1393 1353 1433 tibi
1383 1393 1499 1445 quic-

96 1477 227 1515 quam
260 1463 436 1502 arbitrio
470 1467 545 1502 tuo
577 1463 737 1501 facere:
786 1461 1001 1501 audiencia
1035 1465 1136 1500 sunt
1170 1464 1237 1500 tot
1272 1460 1499 1500 hominum

96 1530 227 1579 milia,
258 1535 324 1570 tot
355 1529 609 1580 disponendi
641 1528 790 1577 libelli,·
837 1532 988 1568 tantus
1019 1541 1159 1567 rerum
1190 1541 1243 1567 ex
1273 1527 1374 1567 orbe
1405 1530 1500 1567 toto

99 1597 345 1636 coeuntium
378 1601 617 1646 congestus,
650 1600 699 1635 ut
730 1596 866 1646 possit
898 1608 973 1646 per
1003 1594 1198 1634 ordinem
1229 1607 1355 1633 suum
1386 1593 1500 1644 prin-

98 1664 201 1714 cipis
223 1663 401 1702 maximi
424 1663 567 1702 animo
591 1662 740 1711 subici,
764 1662 1000 1712 exigendus
1022 1665 1101 1701 est.
1164 1661 1261 1700 Non
1285 1660 1382 1700 licet
1406 1659 1499 1708 tibi,

97 1730 290 1781 inquam,
317 1730 435 1769 flere:
475 1734 524 1769 ut
550 1729 710 1769 multos
734 1729 885 1769 flentes
912 1729 1059 1768 audire
1086 1722 1236 1778 possis]
1263 1732 1312 1767 ut
1338 1725 1500 1777 pericli-

94 1790 433 1836 tantiuffl‘et'ii‘d
449 1788 795 1836 ‘misericordiam
820 1795 1036 1835 mitissimi
1062 1794 1254 1834 Caesaris
1280 1793 1500 1844 pervenire

99 1863 364 1914 cupientium
382 1863 574 1902 lacrimas
593 1863 757 1912 siccare,
776 1862 977 1902 lacrimae
996 1861 1076 1901 tibi
1096 1865 1197 1901 tuae
1217 1859 1500 1900 adsiccandae

98 1934 212 1970 sunt.
1008 1980 1010 1982 -

154 1997 253 2037 VII.
311 1997 429 2037 Haec
470 2001 617 2037 tamen
657 1997 906 2037 etiamnunc
947 1995 1179 2035 levioribus
1220 1998 1263 2034 te
1304 1992 1500 2033 remediis

99 2064 393 2113 adiuvabunt;
428 2076 525 2103 cum
542 2064 658 2103 voles
676 2064 869 2103 omnium
888 2076 1028 2103 rerum
1047 2060 1256 2109 oblivisci,
1275 2059 1500 2099 Caesarem

100 2131 254 2181 cogita.
313 2131 436 2179 Vide,
471 2135 682 2182 quantam
715 2130 842 2170 huius
875 2130 918 2169 in
952 2134 994 2170 te
1028 2128 1321 2179 indulgentiae
1356 2126 1499 2173 fidem,

100 2201 310 2248 quantam
345 2197 603 2237 industriam
638 2197 817 2237 debeas:
868 2196 1086 2247 intelleges
1122 2209 1208 2235 non
1245 2194 1382 2245 magis
1420 2192 1499 2232 tibi

99 2263 314 2303 incurvari
334 2263 456 2303 licere
476 2277 607 2314 quam
626 2263 698 2311 illi,
719 2263 753 2303 si
772 2263 868 2314 quis
886 2262 1015 2302 modo
1034 2266 1099 2302 est
1118 2261 1276 2301 fabulis
1296 2261 1498 2307 traditus,

100 2328 219 2369 cuius
241 2330 400 2370 umeris
424 2330 612 2369 mundus
638 2329 852 2369 innititur.
912 2328 1082 2369 Caesari
1109 2340 1281 2379 quoque
1308 2327 1402 2377 ipsi,
1433 2326 1499 2365 cui

1521 275 1539 303 3

1530 2339 1548 2367 [Θ
