1667 2524
358 99 426 132 AD
460 98 724 132 POLYBIUM
760 98 826 130 DE
860 97 1246 131 CONSOLATIONE
1460 94 1513 134 19

106 232 191 271 quo
217 219 272 258 M.
300 218 514 258 Antonius
540 217 699 257 civium
724 230 899 256 suorum
926 216 1042 256 vitae
1068 216 1245 256 sedebat
1274 216 1510 267 mortisque

106 285 275 333 arbiter,
311 285 366 324 M.
400 284 577 324 Antonii
608 283 742 323 frater
770 283 869 323 duci
900 283 1132 322 iubebatur
1156 283 1209 322 ad
1228 282 1510 333 supplicium!

105 351 220 392 Tulit
256 351 334 391 hoc
369 356 517 390 tamen
551 355 642 390 tam
677 350 799 390 triste
834 349 991 388 vulnus
1025 349 1177 389 eadem
1214 349 1511 399 magnitudine

106 418 237 458 animi
268 418 322 457 M.
355 417 584 465 Antonius,
616 429 702 467 qua
733 416 877 455 omnia
908 415 990 455 alia
1021 416 1202 455 adversa
1233 416 1510 465 toleraverat,

104 490 146 526 et
184 484 263 524 hoc
299 483 380 524 fuit
417 483 506 524 eius
542 483 683 533 lugere
715 482 869 533 viginti
905 482 1119 532 legionum
1152 482 1359 532 sanguine
1389 482 1512 522 fratri

105 556 344 603 parentare.
406 550 487 591 Sed
509 555 557 590 ut
586 549 730 589 omnia
757 549 840 589 alia
865 549 1063 599 exempla
1091 554 1373 600 praeteream,
1398 554 1446 589 ut
1468 549 1512 588 in
1543 562 1562 590 3

106 631 172 658 me
196 631 367 669 quoque
390 617 482 668 ipso
507 617 589 657 alia
612 621 781 656 taceam
806 616 970 664 funera,
995 616 1060 655 bis
1087 629 1152 655 me
1178 616 1368 655 fraterno
1392 615 1512 656 luctu

105 698 300 736 aggressa
330 684 506 724 fortuna
535 688 614 731 est,
646 683 711 723 bis
744 683 955 722 intellexit
988 682 1099 722 laedi
1131 696 1197 722 me
1229 695 1366 733 posse,
1398 682 1512 722 vinci

105 764 190 791 non
221 764 365 802 posse:
413 750 535 790 amisi
566 749 872 790 Germanicum
905 749 1096 792 fratrem,
1131 762 1259 799 quem
1293 749 1512 799 quomodo

105 817 354 865 amaverim,
386 816 594 867 intellegit
627 816 821 867 profecto
854 815 1047 868 quisquis
1082 816 1256 866 cogitat,
1291 815 1511 866 quomodo

104 897 203 925 suos
227 884 380 924 fratres
406 883 464 934 pii
489 883 643 923 fratres
668 887 836 931 ament;
877 882 934 922 sic
961 887 1108 922 tamen
1135 882 1340 921 affectum
1367 894 1510 921 meum

105 951 207 999 rexi,
235 955 282 990 ut
310 964 385 990 nec
413 950 694 1000 relinquerem
722 949 969 1000 quicquam,
998 949 1112 999 quod
1139 948 1251 998 exigi
1277 947 1451 988 deberet
1486 962 1511 988 a

104 1018 218 1058 bono
242 1017 387 1065 fratre,
413 1030 488 1057 nec
514 1016 712 1063 facerem,
739 1015 854 1067 quod
881 1014 1133 1066 reprehendi
1157 1019 1301 1065 posset
1327 1014 1371 1053 in
1396 1014 1511 1065 prin-

105 1084 224 1135 cipe.'

161 1151 278 1191 Haec
297 1163 396 1201 ergo
415 1154 523 1201 puta
541 1149 621 1190 tibi
640 1154 863 1200 parentem
884 1148 1104 1199 publicum
1124 1148 1277 1188 referre
1296 1147 1508 1198 exempla,
1540 1168 1559 1196 4

105 1218 290 1258 eundem
327 1217 564 1265 ostendere,
602 1229 733 1267 quam
770 1215 873 1254 nihil
910 1228 1079 1255 sacrum
1115 1214 1417 1266 intactumque
1452 1213 1507 1254 sit

105 1285 337 1332 Fortunae,
367 1296 477 1334 quae
505 1296 557 1323 ex
586 1283 645 1322 eis
674 1282 904 1333 penatibus
933 1295 1037 1321 ausa
1066 1286 1129 1321 est
1159 1281 1311 1320 funera
1339 1281 1508 1329 ducere,

105 1364 158 1391 ex
203 1350 359 1401 quibus
403 1354 495 1389 erat
541 1349 643 1389 deos
688 1348 891 1399 petitura.
955 1349 1091 1387 Nemo
1136 1347 1284 1398 itaque
1331 1347 1510 1387 miretur

106 1417 267 1468 aliquid
291 1417 344 1456 ab
368 1416 439 1455 illa
462 1420 536 1455 aut
561 1415 789 1455 crudeliter
810 1415 899 1454 fieri
923 1420 997 1454 aut
1023 1414 1189 1465 inique,·
1228 1418 1371 1464 potest
1394 1413 1508 1453 enim

106 1483 209 1524 haee
248 1484 452 1523 adversus
490 1483 683 1533 privatas
720 1482 872 1522 domos
909 1481 1040 1521 ullam
1079 1480 1348 1531 aequitatem
1386 1493 1509 1520 nosse

107 1555 181 1591 aut
211 1550 343 1590 ullam
374 1549 644 1597 modestiam,
675 1549 795 1589 cuius
823 1547 1108 1598 implacabilis
1137 1547 1320 1587 saevitia
1349 1546 1509 1587 totiens

106 1617 199 1668 ipsa
219 1616 457 1656 funestavit
481 1615 753 1666 pulvinaria?
812 1614 1041 1655 Faciamus
1063 1614 1160 1654 licet
1184 1613 1243 1652 illi
1265 1612 1508 1654 convicium
1540 1620 1559 1649 5

106 1697 193 1723 non
229 1688 376 1723 nostro
412 1687 587 1722 tantum
625 1695 695 1721 ore
732 1682 805 1721 sed
843 1681 975 1721 etiam
1013 1680 1198 1731 publico,
1237 1693 1323 1719 non
1362 1685 1510 1720 tamen

108 1749 369 1797 mutabitur;
425 1749 630 1789 adversus
669 1748 807 1788 omnis
845 1761 887 1788 se
926 1761 1070 1798 preces
1109 1746 1332 1798 omnisque
1371 1745 1510 1797 queri-

109 1816 273 1856 monias
299 1815 452 1866 exiget.
515 1816 607 1855 Hoc
635 1815 716 1855 fuit
744 1815 787 1854 in
814 1815 940 1854 rebus
967 1813 1166 1853 humanis
1193 1814 1401 1862 Fortuna,
1430 1812 1509 1852 hoc

108 1882 209 1923 erit:
248 1882 351 1921 nihil
374 1882 573 1922 inausum
597 1882 676 1921 sibi
700 1881 885 1932 reliquit,
910 1880 1013 1920 nihil
1037 1880 1252 1920 intactum
1276 1879 1487 1930 relinquet
1499 1892 1509 1928 ;

108 1949 187 1989 ibit
226 1948 454 1989 violentior
492 1962 567 1999 per
605 1948 762 1993 onmia,
802 1947 911 1987 sicut
951 1947 1077 1986 solita
1115 1951 1178 1986 est
1219 1959 1399 1996 semper,
1438 1959 1510 1985 eas

109 2028 280 2067 quoque
313 2016 464 2055 domos
498 2028 601 2055 ausa
634 2014 812 2054 iniuriae
847 2027 975 2054 causa
996 2013 1182 2061 -intrare,
1217 2013 1261 2051 in
1295 2025 1402 2063 quas
1437 2025 1511 2062 per

110 2082 272 2132 templa
300 2082 457 2130 aditur,
486 2086 529 2122 et
559 2086 698 2121 atram
728 2080 930 2120 laureatis
958 2080 1121 2119 foribus
1148 2079 1298 2120 induet
1328 2083 1507 2118 vestem.

114 2148 214 2198 [36]
256 2149 347 2188 Hoc
378 2161 514 2187 unum
546 2148 818 2187 obtineamus
860 2146 913 2186 ab
954 2146 1026 2185 illa
1067 2145 1180 2185 votis
1223 2159 1269 2185 ac
1312 2144 1510 2196 precibus
1541 2159 1560 2187 6

111 2214 304 2264 publicis,
346 2214 380 2254 si
421 2215 613 2254 nondum
655 2214 713 2253 illi
753 2227 886 2263 genus
928 2213 1167 2252 humanum
1208 2211 1369 2262 placuit
1413 2224 1511 2251 con-

111 2293 290 2331 sumere,
334 2280 368 2320 si
411 2281 658 2323 Romanum
703 2279 842 2322 adhuc
886 2292 1044 2319 nomen
1087 2278 1274 2331 propitia
1318 2277 1510 2328 respicit:
