1667 2524
130 152 184 192 82
568 155 607 188 L.
645 155 840 188 ANNAEI
874 155 1101 188 SENECAE

85 289 103 318 7
130 275 346 315 dicissent.
426 275 523 315 Non
555 280 619 316 est
651 288 764 316 nunc
797 277 911 327 quod
944 277 1163 317 existimes
1194 290 1262 317 me
1293 277 1432 318 dicere
1463 278 1531 318 Ti-

131 355 305 381 moneas
328 354 452 381 cenas
473 347 516 381 et
550 354 789 392 pauperum
813 342 950 391 cellas,
982 348 1025 383 et
1060 344 1264 394 quicquid
1300 344 1415 384 aliud
1451 349 1529 393 est,

130 421 205 458 per
233 407 348 459 quod
389 408 558 447 luxuria
587 408 839 447 divitiarum
869 409 1012 448 taedio
1042 409 1173 449 ludit:
1218 410 1424 459 grabatus
1464 411 1531 451 ille

130 487 255 514 verus
292 474 348 514 sit
385 478 428 513 et
466 487 616 524 sagum
653 478 697 514 et
735 475 858 524 panis
894 475 1027 514 durus
1065 489 1113 514 ac
1152 476 1361 516 sordidus.
1438 477 1530 517 Hoc

131 541 273 580 triduo
313 545 356 580 et
397 541 630 591 quatriduo
672 541 748 588 fer,
785 541 1003 581 interdum
1045 542 1240 592 pluribus
1281 543 1446 592 diebus,
1482 550 1531 583 ut

130 620 215 646 non
260 606 375 646 lusus
419 607 488 655 sit,
534 607 607 646 sed
653 607 1020 657 experimentum:
1082 614 1199 657 tunc,
1245 609 1349 653 mihi
1395 610 1530 658 crede,

99 710 102 712 .
130 673 278 721 Lucili,
298 673 535 713 exsultabis
557 673 764 723 dipondio
789 678 910 714 satur
933 679 975 714 et
999 674 1218 725 intelleges
1244 676 1297 715 ad
1330 677 1532 716 securita-

66 1815 101 1843 10

130 744 217 779 tem
246 753 332 779 non
360 752 468 790 opus
496 753 585 779 esse
615 739 829 783 Fortuna;
875 739 954 779 1100
982 741 1111 789 enim,
1142 742 1256 792 quod
1287 743 1531 782 necessitati

129 810 196 846 sat
225 810 304 854 est,
335 806 412 846 dat
441 810 484 846 et
515 806 638 846 irata.
702 806 799 845 Non
829 811 893 846 est
925 811 1072 846 tamen
1103 820 1235 858 quare
1266 812 1315 848 tu
1344 809 1531 848 multum

130 872 207 912 tibi
235 873 373 912 facere
401 872 599 912 videaris.
663 872 810 912 Facies
839 873 967 922 enim,
998 874 1112 924 quod
1141 875 1279 914 multa
1307 875 1423 914 milia
1450 889 1532 915 ser-

129 952 296 987 vorum,
332 938 470 979 multa
506 939 623 978 milia
662 952 902 989 pauperum
940 940 1127 988 faciunt,-
1178 940 1248 980 illo
1284 942 1455 981 nomine
1491 946 1532 981 te

129 1006 307 1056 suspice,
332 1005 447 1057 quod
470 1006 601 1045 facies
625 1019 710 1045 non
737 1010 925 1054 coactus,
952 1007 1066 1057 quod
1093 1011 1182 1046 tam
1206 1007 1329 1047 facile
1351 1008 1431 1047 erit
1454 1008 1532 1047 tibi

129 1072 231 1111 illud
274 1073 365 1122 pati
407 1085 574 1122 semper
616 1085 747 1123 quam
792 1072 1025 1123 aliquando
1068 1073 1263 1123 experiri.
1325 1073 1532 1114 Exercea-

128 1151 225 1177 mur
249 1139 302 1178 ad
329 1138 489 1189 palum.
559 1138 614 1178 Et
648 1152 699 1178 ne
729 1139 968 1189 imparatos
998 1139 1192 1178 Fortuna
1222 1139 1531 1190 deprehendat,

128 1205 205 1245 fiat
234 1205 357 1245 nobis
386 1210 620 1256 paupertas
648 1205 884 1245 familiaris.
949 1205 1146 1245 Securius
1175 1206 1332 1246 divites
1360 1207 1530 1255 erimus,

128 1272 162 1310 si
192 1272 424 1320 scierimus,
455 1286 587 1323 quam
617 1286 703 1311 non
733 1273 789 1312 sit
822 1286 952 1323 grave
985 1285 1194 1323 pauperes
1223 1285 1325 1312 esse.
1385 1272 1532 1312 Certos

129 1337 318 1378 habebat
355 1339 445 1378 dies
482 1339 549 1378 ille
588 1340 792 1389 magister
831 1339 1072 1389 voluptatis
1112 1339 1337 1390 Epicurus,
1376 1338 1532 1390 quibus

129 1404 313 1455 maligne
342 1405 503 1445 famem
534 1406 841 1456 exstingueret,
872 1406 1054 1453 visurus,
1088 1418 1143 1444 an
1174 1405 1335 1456 aliquid
1366 1405 1531 1445 deesset

129 1484 180 1510 ex
208 1471 335 1522 plena
362 1476 405 1511 et
434 1476 734 1511 consummata
762 1472 1004 1523 voluptate,
1033 1472 1099 1511 vel
1127 1476 1340 1522 quantum
1366 1471 1531 1511 deesset

129 1542 172 1578 et
207 1551 261 1577 an
295 1538 474 1589 dignum
510 1539 625 1589 quod
662 1539 757 1589 quis
792 1552 948 1589 magno
986 1538 1129 1578 labore
1164 1542 1376 1588 pensaret.
1438 1537 1531 1576 Hoc

131 1609 242 1644 certe
266 1605 308 1643 in
332 1604 397 1644 his
420 1605 614 1656 epistulis
639 1606 714 1653 ait,
740 1618 847 1656 quas
871 1605 1041 1655 scripsit
1065 1604 1250 1644 Charino
1274 1604 1531 1654 magistratu

130 1671 183 1710 ad
226 1671 505 1721 Polyaenum.
568 1671 624 1711 Et
661 1672 835 1722 quidem
871 1671 1079 1722 gloriatur
1115 1684 1199 1709 non
1236 1675 1330 1710 toto
1365 1683 1457 1709 asse
1492 1683 1532 1708 Se

130 1737 260 1787 pasci,
289 1737 597 1786 Metrodorum,
626 1738 699 1788 qui
728 1738 919 1778 nondum
949 1742 1123 1777 tantum
1152 1736 1392 1787 profecerit,
1422 1740 1529 1775 toto.

131 1803 181 1842 In
218 1803 297 1843 hoc
338 1808 386 1844 tu
423 1804 543 1843 victu
581 1804 858 1844 saturitatem
895 1808 1024 1854 putas
1060 1804 1180 1843 esse?
1236 1803 1292 1842 Et
1328 1802 1531 1853 voluptas

130 1874 207 1909 ost.
268 1870 481 1921 Voluptas
510 1874 658 1910 autem
689 1884 775 1910 non
806 1870 876 1909 illa
907 1870 1011 1910 levis
1041 1874 1083 1910 et
1114 1870 1248 1920 fugax
1277 1874 1320 1909 et
1351 1868 1531 1908 subinde

131 1936 371 1984 reficienda,
404 1937 477 1976 sed
509 1937 676 1976 stabilis
707 1941 750 1977 et
783 1941 911 1977 certa.
975 1937 1070 1976 Non
1102 1937 1215 1975 enim
1249 1935 1436 1975 iucunda
1468 1948 1532 1974 res

130 2007 194 2042 est
233 2015 346 2053 aqua
383 2007 427 2042 et
465 2003 641 2053 polenta
679 2008 755 2043 aut
793 2004 980 2043 frustum
1019 2002 1242 2042 hordeacei
1282 2002 1419 2052 panis,
1458 2001 1531 2040 sed

131 2082 300 2107 summa
330 2069 533 2119 voluptas
563 2074 627 2109 est
659 2082 781 2120 posse
813 2082 961 2119 capere
992 2069 1121 2108 etiam
1154 2081 1207 2107 ex
1237 2067 1302 2107 his
1333 2068 1532 2117 volupta-

133 2138 219 2174 tem
252 2138 295 2174 et
327 2135 381 2175 ad
415 2135 456 2174 id
490 2148 533 2175 se
564 2135 806 2183 deduxisse,
840 2135 955 2186 quod
988 2135 1148 2185 eripere
1177 2134 1293 2173 nulla
1315 2134 1532 2173 Fortunae

69 2213 104 2240 11
132 2201 338 2251 iniquitas
394 2202 543 2251 possit.
605 2201 865 2241 Liberaliora
921 2201 1127 2240 alimenta
1183 2204 1283 2240 sunt
1341 2200 1531 2247 carceris,

133 2268 342 2317 sepositos
377 2268 430 2307 ad
468 2267 652 2318 capitale
686 2267 944 2318 supplicium
980 2280 1065 2306 non
1101 2271 1192 2306 tam
1228 2270 1422 2316 anguste,
1460 2265 1532 2316 qui

133 2334 349 2373 occisurus
385 2338 464 2382 est,
503 2334 663 2384 pascit:
716 2338 880 2384 quanta
917 2338 981 2373 est
1019 2333 1149 2372 animi
1187 2331 1441 2382 magnitudo
1479 2331 1533 2370 ad
