<?xml version="1.0" encoding="UTF-8"?>
<!DOCTYPE html PUBLIC "-//W3C//DTD XHTML 1.0 Transitional//EN"
    "http://www.w3.org/TR/xhtml1/DTD/xhtml1-transitional.dtd">
<html xmlns="http://www.w3.org/1999/xhtml" xml:lang="en" lang="en">
 <head>
  <title>
</title>
<meta http-equiv="Content-Type" content="text/html;charset=utf-8" />
  <meta name='ocr-system' content='tesseract 3.04.00' />
  <meta name='ocr-capabilities' content='ocr_page ocr_carea ocr_par ocr_line ocrx_word'/>
</head>
<body>
  <div class='ocr_page' id='page_1' title='image "./selectedessayssa00seneuoft_0248.png"; bbox 0 0 1667 2524; ppageno 0'>
   <div class='ocr_carea' id='block_1_1' title="bbox 173 119 1330 163">
    <p class='ocr_par' dir='ltr' id='par_1_1' title="bbox 173 119 1330 163">
     <span class='ocr_line' id='line_1_1' title="bbox 173 119 1330 163; baseline 0.003 -3"><span class='ocrx_word' id='word_1_1' title='bbox 173 119 256 162; x_wconf 78' lang='lat'>208</span> <span class='ocrx_word' id='word_1_2' title='bbox 420 124 528 160; x_wconf 86' lang='lat' dir='ltr'>LIST</span> <span class='ocrx_word' id='word_1_3' title='bbox 560 125 624 160; x_wconf 91' lang='lat' dir='ltr'>OF</span> <span class='ocrx_word' id='word_1_4' title='bbox 656 125 897 162; x_wconf 90' lang='lat' dir='ltr'><strong>TEXTUAL</strong></span> <span class='ocrx_word' id='word_1_5' title='bbox 930 127 1330 163; x_wconf 88' lang='lat' dir='ltr'><strong>MODIFICATIONS</strong></span> 
     </span>
    </p>
   </div>
   <div class='ocr_carea' id='block_1_2' title="bbox 164 241 1359 714">
    <p class='ocr_par' dir='ltr' id='par_1_2' title="bbox 164 241 1359 714">
     <span class='ocr_line' id='line_1_2' title="bbox 169 241 1333 285; baseline 0.002 -9"><span class='ocrx_word' id='word_1_6' title='bbox 169 244 218 276; x_wconf 86' lang='lat' dir='ltr'>xi.</span> <span class='ocrx_word' id='word_1_7' title='bbox 238 245 259 277; x_wconf 89' lang='grc'><strong>6</strong></span> <span class='ocrx_word' id='word_1_8' title='bbox 279 244 330 285; x_wconf 88' lang='lat' dir='ltr'>(p.</span> <span class='ocrx_word' id='word_1_9' title='bbox 349 244 410 284; x_wconf 87' lang='lat'>33)</span> <span class='ocrx_word' id='word_1_10' title='bbox 459 242 495 285; x_wconf 89' lang='lat' dir='ltr'>[a</span> <span class='ocrx_word' id='word_1_11' title='bbox 513 242 629 285; x_wconf 88' lang='lat' dir='ltr'>caelo]</span> <span class='ocrx_word' id='word_1_12' title='bbox 648 241 758 277; x_wconf 86' lang='lat' dir='ltr'>‘unde</span> <span class='ocrx_word' id='word_1_13' title='bbox 942 254 964 277; x_wconf 86' lang='lat' dir='ltr'>a</span> <span class='ocrx_word' id='word_1_14' title='bbox 986 244 1088 278; x_wconf 77' lang='lat' dir='ltr'>eaelo</span> <span class='ocrx_word' id='word_1_15' title='bbox 1112 245 1211 279; x_wconf 78' lang='lat' dir='ltr'>‘illuc</span> <span class='ocrx_word' id='word_1_16' title='bbox 1231 244 1333 278; x_wconf 87' lang='lat' dir='ltr'>unde</span> 
     </span>
     <span class='ocr_line' id='line_1_3' title="bbox 167 288 1224 332; baseline 0.001 -11"><span class='ocrx_word' id='word_1_17' title='bbox 167 288 230 321; x_wconf 81' lang='lat' dir='ltr'>xii.</span> <span class='ocrx_word' id='word_1_18' title='bbox 250 290 271 322; x_wconf 90' lang='lat'>3</span> <span class='ocrx_word' id='word_1_19' title='bbox 290 289 342 331; x_wconf 91' lang='lat' dir='ltr'>(p.</span> <span class='ocrx_word' id='word_1_20' title='bbox 361 289 422 329; x_wconf 88' lang='lat'>35)</span> <span class='ocrx_word' id='word_1_21' title='bbox 458 296 566 329; x_wconf 87' lang='lat' dir='ltr'>saepe</span> <span class='ocrx_word' id='word_1_22' title='bbox 584 297 652 320; x_wconf 93' lang='lat' dir='ltr'>nec</span> <span class='ocrx_word' id='word_1_23' title='bbox 670 290 755 321; x_wconf 88' lang='lat' dir='ltr'>utra</span> <span class='ocrx_word' id='word_1_24' title='bbox 941 299 1052 332; x_wconf 84' lang='lat' dir='ltr'>saepe</span> <span class='ocrx_word' id='word_1_25' title='bbox 1071 299 1118 323; x_wconf 80' lang='lat' dir='ltr'>ne</span> <span class='ocrx_word' id='word_1_26' title='bbox 1136 292 1224 323; x_wconf 82' lang='lat' dir='ltr'>utra</span> 
     </span>
     <span class='ocr_line' id='line_1_4' title="bbox 450 331 899 408; baseline 0 -9"><span class='ocrx_word' id='word_1_27' title='bbox 450 331 899 408; x_wconf 53' lang='lat' dir='ltr'>P.S12¹¹0{gf{{tt{i¹0bcya{}f1325;</span> 
     </span>
     <span class='ocr_line' id='line_1_5' title="bbox 454 408 662 446; baseline 0 -8"><span class='ocrx_word' id='word_1_28' title='bbox 454 408 546 446; x_wconf 86' lang='lat' dir='ltr'>July,</span> <span class='ocrx_word' id='word_1_29' title='bbox 569 409 662 438; x_wconf 88' lang='lat'>1905.</span> 
     </span>
     <span class='ocr_line' id='line_1_6' title="bbox 165 493 1358 538; baseline 0.002 -11"><span class='ocrx_word' id='word_1_30' title='bbox 165 494 241 527; x_wconf 83' lang='lat' dir='ltr'>xiii.</span> <span class='ocrx_word' id='word_1_31' title='bbox 264 495 278 526; x_wconf 95' lang='lat'>1</span> <span class='ocrx_word' id='word_1_32' title='bbox 302 494 352 536; x_wconf 92' lang='lat' dir='ltr'>(p.</span> <span class='ocrx_word' id='word_1_33' title='bbox 372 495 432 534; x_wconf 89' lang='grc'>35)</span> <span class='ocrx_word' id='word_1_34' title='bbox 454 493 608 526; x_wconf 88' lang='lat' dir='ltr'>deorum</span> <span class='ocrx_word' id='word_1_35' title='bbox 627 496 663 526; x_wconf 88' lang='lat' dir='ltr'>et</span> <span class='ocrx_word' id='word_1_36' title='bbox 941 495 1099 528; x_wconf 88' lang='lat' dir='ltr'>deorum</span> <span class='ocrx_word' id='word_1_37' title='bbox 1117 495 1301 538; x_wconf 81' lang='lat' dir='ltr'>[nuntius]</span> <span class='ocrx_word' id='word_1_38' title='bbox 1319 497 1358 529; x_wconf 78' lang='lat' dir='ltr'>et</span> 
     </span>
     <span class='ocr_line' id='line_1_7' title="bbox 165 537 1332 581; baseline 0.002 -10"><span class='ocrx_word' id='word_1_39' title='bbox 165 539 239 571; x_wconf 86' lang='lat' dir='ltr'>xiv.</span> <span class='ocrx_word' id='word_1_40' title='bbox 258 540 279 572; x_wconf 88' lang='lat'><strong>3</strong></span> <span class='ocrx_word' id='word_1_41' title='bbox 299 539 349 580; x_wconf 87' lang='lat' dir='ltr'>(p.</span> <span class='ocrx_word' id='word_1_42' title='bbox 369 539 430 578; x_wconf 89' lang='lat'>37)</span> <span class='ocrx_word' id='word_1_43' title='bbox 456 537 654 580; x_wconf 88' lang='lat' dir='ltr'>Sisyphum</span> <span class='ocrx_word' id='word_1_44' title='bbox 673 538 735 571; x_wconf 90' lang='lat' dir='ltr'>diu</span> <span class='ocrx_word' id='word_1_45' title='bbox 940 539 1141 581; x_wconf 81' lang='lat' dir='ltr'>Sisyphum</span> <span class='ocrx_word' id='word_1_46' title='bbox 1160 542 1248 574; x_wconf 78' lang='lat' dir='ltr'>satis</span> <span class='ocrx_word' id='word_1_47' title='bbox 1267 540 1332 573; x_wconf 89' lang='lat' dir='ltr'>diu</span> 
     </span>
     <span class='ocr_line' id='line_1_8' title="bbox 165 581 1359 659; baseline 0.003 -44"><span class='ocrx_word' id='word_1_48' title='bbox 165 583 240 615; x_wconf 84' lang='lat' dir='ltr'>xiv.</span> <span class='ocrx_word' id='word_1_49' title='bbox 260 584 281 615; x_wconf 99' lang='lat'>4</span> <span class='ocrx_word' id='word_1_50' title='bbox 301 583 351 625; x_wconf 90' lang='lat' dir='ltr'>(p.</span> <span class='ocrx_word' id='word_1_51' title='bbox 371 583 432 623; x_wconf 90' lang='lat'>37)</span> <span class='ocrx_word' id='word_1_52' title='bbox 457 582 684 659; x_wconf 49' lang='lat' dir='ltr'>speffecstilne</span> <span class='ocrx_word' id='word_1_53' title='bbox 731 581 807 615; x_wconf 88' lang='lat' dir='ltr'>fine</span> <span class='ocrx_word' id='word_1_54' title='bbox 853 586 891 616; x_wconf 92' lang='lat' dir='ltr'>et</span> <span class='ocrx_word' id='word_1_55' title='bbox 942 584 1104 626; x_wconf 81' lang='lat' dir='ltr'>speciem</span> <span class='ocrx_word' id='word_1_56' title='bbox 1123 584 1202 617; x_wconf 83' lang='lat' dir='ltr'>sine</span> <span class='ocrx_word' id='word_1_57' title='bbox 1221 585 1359 618; x_wconf 79' lang='lat' dir='ltr'>effectu</span> 
     </span>
     <span class='ocr_line' id='line_1_9' title="bbox 164 635 1071 714; baseline 0.002 -10"><span class='ocrx_word' id='word_1_58' title='bbox 164 682 227 705; x_wconf 84' lang='lat' dir='ltr'><strong>xv.</strong></span> <span class='ocrx_word' id='word_1_59' title='bbox 248 673 264 704; x_wconf 95' lang='grc'>1</span> <span class='ocrx_word' id='word_1_60' title='bbox 286 672 337 714; x_wconf 93' lang='lat' dir='ltr'>(p.</span> <span class='ocrx_word' id='word_1_61' title='bbox 357 671 418 713; x_wconf 88' lang='grc'>37)</span> <span class='ocrx_word' id='word_1_62' title='bbox 457 635 587 704; x_wconf 65' lang='grc' dir='ltr'>Ῑιιὲυῐο</span> <span class='ocrx_word' id='word_1_63' title='bbox 942 672 1071 706; x_wconf 88' lang='lat' dir='ltr'>fusuro</span> 
     </span>
    </p>
   </div>
   <div class='ocr_carea' id='block_1_3' title="bbox 720 830 1039 865">
    <p class='ocr_par' dir='ltr' id='par_1_3' title="bbox 720 830 1039 865">
     <span class='ocr_line' id='line_1_10' title="bbox 720 830 1039 865; baseline 0 -1"><span class='ocrx_word' id='word_1_64' title='bbox 720 830 779 864; x_wconf 79' lang='lat' dir='ltr'>DE</span> <span class='ocrx_word' id='word_1_65' title='bbox 805 831 1039 865; x_wconf 81' lang='lat' dir='ltr'><strong>CLEMENTIA</strong></span> 
     </span>
    </p>
   </div>
   <div class='ocr_carea' id='block_1_4' title="bbox 873 930 1426 972">
    <p class='ocr_par' dir='ltr' id='par_1_4' title="bbox 873 930 1426 972">
     <span class='ocr_line' id='line_1_11' title="bbox 873 930 1426 972; baseline 0.004 -9"><span class='ocrx_word' id='word_1_66' title='bbox 873 930 1026 972; x_wconf 77' lang='lat' dir='ltr'><em>Hosius,</em></span> <span class='ocrx_word' id='word_1_67' title='bbox 1053 930 1215 964; x_wconf 83' lang='lat' dir='ltr'>Teubner</span> <span class='ocrx_word' id='word_1_68' title='bbox 1233 930 1300 972; x_wconf 65' lang='lat' dir='ltr'>ed„</span> <span class='ocrx_word' id='word_1_69' title='bbox 1323 931 1426 965; x_wconf 88' lang='lat'>1900.</span> 
     </span>
    </p>
   </div>
   <div class='ocr_carea' id='block_1_5' title="bbox 170 1029 1249 1317">
    <p class='ocr_par' dir='ltr' id='par_1_5' title="bbox 170 1029 1249 1309">
     <span class='ocr_line' id='line_1_12' title="bbox 170 1029 1093 1073; baseline 0.001 -10"><span class='ocrx_word' id='word_1_70' title='bbox 170 1030 199 1064; x_wconf 95' lang='grc' dir='ltr'>Ι.</span> <span class='ocrx_word' id='word_1_71' title='bbox 215 1031 250 1063; x_wconf 91' lang='lat' dir='ltr'>ii.</span> <span class='ocrx_word' id='word_1_72' title='bbox 266 1032 287 1063; x_wconf 89' lang='grc'>2</span> <span class='ocrx_word' id='word_1_73' title='bbox 305 1031 356 1073; x_wconf 92' lang='lat' dir='ltr'>(p.</span> <span class='ocrx_word' id='word_1_74' title='bbox 373 1031 434 1071; x_wconf 87' lang='lat'>41)</span> <span class='ocrx_word' id='word_1_75' title='bbox 457 1029 528 1064; x_wconf 91' lang='lat' dir='ltr'>Sed</span> <span class='ocrx_word' id='word_1_76' title='bbox 545 1040 622 1064; x_wconf 90' lang='lat' dir='ltr'>non</span> <span class='ocrx_word' id='word_1_77' title='bbox 944 1031 998 1064; x_wconf 85' lang='lat' dir='ltr'>si*</span> <span class='ocrx_word' id='word_1_78' title='bbox 1018 1042 1093 1064; x_wconf 90' lang='lat' dir='ltr'>non</span> 
     </span>
     <span class='ocr_line' id='line_1_13' title="bbox 213 1074 1249 1118; baseline 0.001 -10"><span class='ocrx_word' id='word_1_79' title='bbox 213 1075 262 1108; x_wconf 90' lang='lat' dir='ltr'>iii.</span> <span class='ocrx_word' id='word_1_80' title='bbox 284 1077 299 1108; x_wconf 99' lang='grc'>1</span> <span class='ocrx_word' id='word_1_81' title='bbox 322 1076 373 1118; x_wconf 92' lang='lat' dir='ltr'>(p.</span> <span class='ocrx_word' id='word_1_82' title='bbox 393 1076 454 1117; x_wconf 89' lang='lat'>41)</span> <span class='ocrx_word' id='word_1_83' title='bbox 497 1075 798 1108; x_wconf 87' lang='lat' dir='ltr'>mansuetudinis</span> <span class='ocrx_word' id='word_1_84' title='bbox 833 1075 891 1108; x_wconf 92' lang='lat' dir='ltr'>vel</span> <span class='ocrx_word' id='word_1_85' title='bbox 942 1074 1249 1109; x_wconf 81' lang='lat' dir='ltr'>manumissionis</span> 
     </span>
     <span class='ocr_line' id='line_1_14' title="bbox 502 1119 891 1161; baseline -0.003 -9"><span class='ocrx_word' id='word_1_86' title='bbox 502 1128 643 1161; x_wconf 90' lang='lat' dir='ltr'>poenae</span> <span class='ocrx_word' id='word_1_87' title='bbox 661 1119 891 1152; x_wconf 83' lang='lat' dir='ltr'>remissionis</span> 
     </span>
     <span class='ocr_line' id='line_1_15' title="bbox 493 1163 941 1193; baseline 0 -2"><span class='ocrx_word' id='word_1_88' title='bbox 493 1163 544 1193; x_wconf 82' lang='lat' dir='ltr'>Cf.</span> <span class='ocrx_word' id='word_1_89' title='bbox 583 1163 642 1191; x_wconf 83' lang='lat' dir='ltr'>the</span> <span class='ocrx_word' id='word_1_90' title='bbox 677 1172 737 1192; x_wconf 87' lang='lat' dir='ltr'>use</span> <span class='ocrx_word' id='word_1_91' title='bbox 774 1163 808 1192; x_wconf 84' lang='lat' dir='ltr'>of</span> <span class='ocrx_word' id='word_1_92' title='bbox 845 1163 941 1193; x_wconf 83' lang='lat' dir='ltr'>these</span> 
     </span>
     <span class='ocr_line' id='line_1_16' title="bbox 453 1201 939 1246; baseline -0.002 -15"><span class='ocrx_word' id='word_1_93' title='bbox 453 1201 566 1231; x_wconf 86' lang='lat' dir='ltr'>words</span> <span class='ocrx_word' id='word_1_94' title='bbox 594 1201 795 1246; x_wconf 60' lang='lat' dir='ltr'>sepnrately</span> <span class='ocrx_word' id='word_1_95' title='bbox 820 1202 854 1230; x_wconf 92' lang='lat' dir='ltr'>in</span> <span class='ocrx_word' id='word_1_96' title='bbox 889 1202 939 1231; x_wconf 85' lang='lat' dir='ltr'>De</span> 
     </span>
     <span class='ocr_line' id='line_1_17' title="bbox 453 1240 943 1285; baseline -0.002 -15"><span class='ocrx_word' id='word_1_97' title='bbox 453 1241 559 1285; x_wconf 67' lang='lat' dir='ltr'>Cleni.</span> <span class='ocrx_word' id='word_1_98' title='bbox 584 1240 611 1269; x_wconf 92' lang='lat' dir='ltr'><strong>I.</strong></span> <span class='ocrx_word' id='word_1_99' title='bbox 630 1240 687 1270; x_wconf 86' lang='lat' dir='ltr'>vii.</span> <span class='ocrx_word' id='word_1_100' title='bbox 707 1241 743 1278; x_wconf 86' lang='lat'><strong>3;</strong></span> <span class='ocrx_word' id='word_1_101' title='bbox 785 1240 810 1269; x_wconf 93' lang='grc' dir='ltr'>Ι.</span> <span class='ocrx_word' id='word_1_102' title='bbox 834 1241 880 1270; x_wconf 82' lang='lat' dir='ltr'>xi.</span> <span class='ocrx_word' id='word_1_103' title='bbox 908 1242 943 1278; x_wconf 89' lang='lat'>1;</span> 
     </span>
     <span class='ocr_line' id='line_1_18' title="bbox 454 1279 943 1317; baseline -0.002 -8"><span class='ocrx_word' id='word_1_104' title='bbox 454 1280 500 1310; x_wconf 91' lang='grc' dir='ltr'>ΙΙ.</span> <span class='ocrx_word' id='word_1_105' title='bbox 532 1280 565 1310; x_wconf 84' lang='lat' dir='ltr'>ii</span> <span class='ocrx_word' id='word_1_106' title='bbox 594 1281 628 1317; x_wconf 86' lang='lat'>1;</span> <span class='ocrx_word' id='word_1_107' title='bbox 648 1279 799 1317; x_wconf 85' lang='lat' dir='ltr'><strong>11.v.;1</strong></span> <span class='ocrx_word' id='word_1_108' title='bbox 820 1279 866 1310; x_wconf 88' lang='grc' dir='ltr'>ΙΙ.</span> <span class='ocrx_word' id='word_1_109' title='bbox 885 1279 943 1310; x_wconf 88' lang='lat' dir='ltr'>vii.</span> 
     </span>
    </p>
   </div>
   <div class='ocr_carea' id='block_1_6' title="bbox 213 1319 1272 1681">
    <p class='ocr_par' dir='ltr' id='par_1_6' title="bbox 213 1319 1272 1679">
     <span class='ocr_line' id='line_1_19' title="bbox 456 1319 603 1349; baseline -0.007 0"><span class='ocrx_word' id='word_1_110' title='bbox 456 1321 472 1349; x_wconf 90' lang='lat'>1</span> <span class='ocrx_word' id='word_1_111' title='bbox 488 1319 557 1349; x_wconf 87' lang='lat' dir='ltr'>and</span> <span class='ocrx_word' id='word_1_112' title='bbox 573 1320 603 1349; x_wconf 88' lang='lat'><strong>3</strong></span> 
     </span>
     <span class='ocr_line' id='line_1_20' title="bbox 213 1414 1169 1459; baseline 0 -10"><span class='ocrx_word' id='word_1_113' title='bbox 213 1417 263 1449; x_wconf 92' lang='lat' dir='ltr'>vi.</span> <span class='ocrx_word' id='word_1_114' title='bbox 285 1417 300 1448; x_wconf 93' lang='grc'>1</span> <span class='ocrx_word' id='word_1_115' title='bbox 322 1417 374 1459; x_wconf 84' lang='lat' dir='ltr'>(p.</span> <span class='ocrx_word' id='word_1_116' title='bbox 393 1417 454 1456; x_wconf 90' lang='lat'>45)</span> <span class='ocrx_word' id='word_1_117' title='bbox 506 1415 736 1458; x_wconf 88' lang='lat' dir='ltr'>relinquatur</span> <span class='ocrx_word' id='word_1_118' title='bbox 944 1414 1169 1458; x_wconf 73' lang='lat' dir='ltr'>relinquitur</span> 
     </span>
     <span class='ocr_line' id='line_1_21' title="bbox 214 1460 1072 1503; baseline -0.001 -10"><span class='ocrx_word' id='word_1_119' title='bbox 214 1461 289 1494; x_wconf 82' lang='lat' dir='ltr'>xix.</span> <span class='ocrx_word' id='word_1_120' title='bbox 309 1463 330 1494; x_wconf 88' lang='lat'><strong>3</strong></span> <span class='ocrx_word' id='word_1_121' title='bbox 349 1462 400 1503; x_wconf 88' lang='lat' dir='ltr'>(p.</span> <span class='ocrx_word' id='word_1_122' title='bbox 420 1462 480 1501; x_wconf 88' lang='grc'>59)</span> <span class='ocrx_word' id='word_1_123' title='bbox 505 1460 658 1502; x_wconf 82' lang='lat' dir='ltr'>ingessit</span> <span class='ocrx_word' id='word_1_124' title='bbox 943 1460 1072 1501; x_wconf 80' lang='lat' dir='ltr'>ingens</span> 
     </span>
     <span class='ocr_line' id='line_1_22' title="bbox 214 1506 1072 1547; baseline -0.001 -9"><span class='ocrx_word' id='word_1_125' title='bbox 214 1506 289 1538; x_wconf 81' lang='lat' dir='ltr'>xix.</span> <span class='ocrx_word' id='word_1_126' title='bbox 309 1507 330 1547; x_wconf 84' lang='lat'><strong>3</strong></span> <span class='ocrx_word' id='word_1_127' title='bbox 349 1506 400 1547; x_wconf 91' lang='lat' dir='ltr'>(p.</span> <span class='ocrx_word' id='word_1_128' title='bbox 419 1506 480 1545; x_wconf 87' lang='lat'>59)</span> <span class='ocrx_word' id='word_1_129' title='bbox 505 1514 659 1546; x_wconf 75' lang='lat' dir='ltr'>arguere</span> <span class='ocrx_word' id='word_1_130' title='bbox 942 1514 1072 1546; x_wconf 80' lang='lat' dir='ltr'>parere</span> 
     </span>
     <span class='ocr_line' id='line_1_23' title="bbox 214 1548 1039 1591; baseline -0.001 -9"><span class='ocrx_word' id='word_1_131' title='bbox 214 1550 289 1582; x_wconf 82' lang='lat' dir='ltr'>xix.</span> <span class='ocrx_word' id='word_1_132' title='bbox 307 1551 329 1583; x_wconf 90' lang='lat'>8</span> <span class='ocrx_word' id='word_1_133' title='bbox 349 1551 400 1591; x_wconf 90' lang='lat' dir='ltr'>(p.</span> <span class='ocrx_word' id='word_1_134' title='bbox 419 1551 480 1589; x_wconf 85' lang='lat'>59)</span> <span class='ocrx_word' id='word_1_135' title='bbox 505 1549 635 1581; x_wconf 85' lang='lat' dir='ltr'>Nonne</span> <span class='ocrx_word' id='word_1_136' title='bbox 943 1548 974 1582; x_wconf 92' lang='lat' dir='ltr'>O</span> <span class='ocrx_word' id='word_1_137' title='bbox 993 1559 1039 1581; x_wconf 82' lang='lat' dir='ltr'>ne</span> 
     </span>
     <span class='ocr_line' id='line_1_24' title="bbox 213 1592 1272 1636; baseline -0.002 -8"><span class='ocrx_word' id='word_1_138' title='bbox 213 1595 287 1627; x_wconf 81' lang='lat' dir='ltr'>xix.</span> <span class='ocrx_word' id='word_1_139' title='bbox 306 1596 327 1628; x_wconf 98' lang='grc'>8</span> <span class='ocrx_word' id='word_1_140' title='bbox 348 1595 398 1636; x_wconf 90' lang='lat' dir='ltr'><strong>(p</strong></span> <span class='ocrx_word' id='word_1_141' title='bbox 418 1596 478 1633; x_wconf 89' lang='lat'>59)</span> <span class='ocrx_word' id='word_1_142' title='bbox 504 1593 697 1635; x_wconf 90' lang='lat' dir='ltr'>contingit,</span> <span class='ocrx_word' id='word_1_143' title='bbox 717 1593 784 1626; x_wconf 90' lang='lat' dir='ltr'>sibi</span> <span class='ocrx_word' id='word_1_144' title='bbox 941 1592 1126 1634; x_wconf 73' lang='lat' dir='ltr'>contingit</span> <span class='ocrx_word' id='word_1_145' title='bbox 1146 1597 1183 1626; x_wconf 80' lang='lat' dir='ltr'>ut</span> <span class='ocrx_word' id='word_1_146' title='bbox 1201 1592 1272 1626; x_wconf 90' lang='lat' dir='ltr'>sibi</span> 
     </span>
     <span class='ocr_line' id='line_1_25' title="bbox 213 1638 1115 1681; baseline -0.002 -10"><span class='ocrx_word' id='word_1_147' title='bbox 213 1639 313 1671; x_wconf 77' lang='lat' dir='ltr'>xxiv.</span> <span class='ocrx_word' id='word_1_148' title='bbox 334 1640 347 1670; x_wconf 89' lang='lat'>1</span> <span class='ocrx_word' id='word_1_149' title='bbox 368 1640 419 1681; x_wconf 92' lang='lat' dir='ltr'>(p.</span> <span class='ocrx_word' id='word_1_150' title='bbox 432 1638 514 1678; x_wconf 81' lang='lat'>62)&#39;</span> <span class='ocrx_word' id='word_1_151' title='bbox 505 1647 545 1670; x_wconf 83' lang='lat' dir='ltr'>in</span> <span class='ocrx_word' id='word_1_152' title='bbox 563 1640 695 1670; x_wconf 88' lang='lat' dir='ltr'>senatu</span> <span class='ocrx_word' id='word_1_153' title='bbox 943 1647 965 1669; x_wconf 82' lang='lat' dir='ltr'>a</span> <span class='ocrx_word' id='word_1_154' title='bbox 983 1640 1115 1670; x_wconf 75' lang='lat' dir='ltr'>senatu</span> 
     </span>
    </p>
   </div>
   <div class='ocr_carea' id='block_1_7' title="bbox 169 1681 1258 1815">
    <p class='ocr_par' dir='ltr' id='par_1_7' title="bbox 169 1681 1258 1815">
     <span class='ocr_line' id='line_1_26' title="bbox 169 1681 1258 1746; baseline -0.002 -30"><span class='ocrx_word' id='word_1_155' title='bbox 169 1683 220 1746; x_wconf 87' lang='grc' dir='ltr'>ΙΙ.</span> <span class='ocrx_word' id='word_1_156' title='bbox 244 1683 278 1715; x_wconf 89' lang='lat' dir='ltr'>ii.</span> <span class='ocrx_word' id='word_1_157' title='bbox 306 1684 320 1715; x_wconf 90' lang='lat'>1</span> <span class='ocrx_word' id='word_1_158' title='bbox 348 1684 399 1725; x_wconf 87' lang='lat' dir='ltr'>(p.</span> <span class='ocrx_word' id='word_1_159' title='bbox 423 1683 484 1723; x_wconf 85' lang='lat'>67)</span> <span class='ocrx_word' id='word_1_160' title='bbox 509 1682 682 1715; x_wconf 88' lang='lat' dir='ltr'>valetudo</span> <span class='ocrx_word' id='word_1_161' title='bbox 702 1682 742 1714; x_wconf 92' lang='lat' dir='ltr'>in</span> <span class='ocrx_word' id='word_1_162' title='bbox 762 1691 893 1714; x_wconf 86' lang='lat' dir='ltr'>omnes</span> <span class='ocrx_word' id='word_1_163' title='bbox 941 1681 1139 1715; x_wconf 77' lang='lat' dir='ltr'>valetudo:</span> <span class='ocrx_word' id='word_1_164' title='bbox 1171 1681 1258 1715; x_wconf 87' lang='lat' dir='ltr'>inde</span> 
     </span>
     <span class='ocr_line' id='line_1_27' title="bbox 507 1726 893 1769; baseline 0.003 -11"><span class='ocrx_word' id='word_1_165' title='bbox 507 1729 631 1769; x_wconf 87' lang='lat' dir='ltr'>partes</span> <span class='ocrx_word' id='word_1_166' title='bbox 644 1726 806 1769; x_wconf 89' lang='lat' dir='ltr'>corporis</span> <span class='ocrx_word' id='word_1_167' title='bbox 819 1726 893 1759; x_wconf 87' lang='lat' dir='ltr'>exit</span> 
     </span>
     <span class='ocr_line' id='line_1_28' title="bbox 214 1770 1028 1815; baseline -0.002 -10"><span class='ocrx_word' id='word_1_168' title='bbox 214 1771 264 1805; x_wconf 90' lang='lat' dir='ltr'>vi</span> <span class='ocrx_word' id='word_1_169' title='bbox 282 1772 303 1804; x_wconf 86' lang='lat'>2</span> <span class='ocrx_word' id='word_1_170' title='bbox 323 1772 374 1815; x_wconf 90' lang='lat' dir='ltr'>(p.</span> <span class='ocrx_word' id='word_1_171' title='bbox 393 1772 454 1813; x_wconf 89' lang='lat'>70)</span> <span class='ocrx_word' id='word_1_172' title='bbox 510 1770 630 1804; x_wconf 90' lang='lat' dir='ltr'>solent</span> <span class='ocrx_word' id='word_1_173' title='bbox 942 1770 1028 1804; x_wconf 89' lang='lat' dir='ltr'>volo</span> 
     </span>
    </p>
   </div>
   <div class='ocr_carea' id='block_1_8' title="bbox 760 1909 985 1945">
    <p class='ocr_par' dir='ltr' id='par_1_8' title="bbox 760 1909 985 1945">
     <span class='ocr_line' id='line_1_29' title="bbox 760 1909 985 1945; baseline -0.009 0"><span class='ocrx_word' id='word_1_174' title='bbox 760 1909 791 1945; x_wconf 91' lang='lat' dir='ltr'><strong>E</strong></span> <span class='ocrx_word' id='word_1_175' title='bbox 798 1919 985 1944; x_wconf 75' lang='lat' dir='ltr'><strong>PISTULAE</strong></span> 
     </span>
    </p>
   </div>
   <div class='ocr_carea' id='block_1_9' title="bbox 978 2009 1522 2053">
    <p class='ocr_par' dir='ltr' id='par_1_9' title="bbox 978 2009 1522 2053">
     <span class='ocr_line' id='line_1_30' title="bbox 978 2009 1522 2053; baseline -0.002 -9"><span class='ocrx_word' id='word_1_176' title='bbox 978 2010 1112 2052; x_wconf 82' lang='lat' dir='ltr'>Hense,</span> <span class='ocrx_word' id='word_1_177' title='bbox 1142 2010 1305 2045; x_wconf 75' lang='lat' dir='ltr'>Teubner</span> <span class='ocrx_word' id='word_1_178' title='bbox 1326 2009 1393 2053; x_wconf 64' lang='lat' dir='ltr'>ed„</span> <span class='ocrx_word' id='word_1_179' title='bbox 1419 2010 1522 2045; x_wconf 88' lang='grc'>1898.</span> 
     </span>
    </p>
   </div>
   <div class='ocr_carea' id='block_1_10' title="bbox 169 2100 1486 2322">
    <p class='ocr_par' dir='ltr' id='par_1_10' title="bbox 169 2100 1059 2145">
     <span class='ocr_line' id='line_1_31' title="bbox 169 2100 1059 2145; baseline -0.002 -10"><span class='ocrx_word' id='word_1_180' title='bbox 169 2102 239 2145; x_wconf 89' lang='lat' dir='ltr'>Ep</span> <span class='ocrx_word' id='word_1_181' title='bbox 281 2103 336 2143; x_wconf 88' lang='lat'>17,</span> <span class='ocrx_word' id='word_1_182' title='bbox 352 2104 373 2136; x_wconf 89' lang='lat'><strong>3</strong></span> <span class='ocrx_word' id='word_1_183' title='bbox 390 2103 441 2145; x_wconf 91' lang='lat' dir='ltr'>(p.</span> <span class='ocrx_word' id='word_1_184' title='bbox 459 2102 519 2141; x_wconf 90' lang='lat'>78)</span> <span class='ocrx_word' id='word_1_185' title='bbox 551 2101 619 2144; x_wconf 87' lang='lat' dir='ltr'>[ut]</span> <span class='ocrx_word' id='word_1_186' title='bbox 992 2100 1059 2144; x_wconf 59' lang='grc' dir='ltr'>’μή</span> 
     </span>
    </p>

    <p class='ocr_par' dir='ltr' id='par_1_11' title="bbox 169 2145 1206 2189">
     <span class='ocr_line' id='line_1_32' title="bbox 169 2145 1206 2189; baseline -0.002 -10"><span class='ocrx_word' id='word_1_187' title='bbox 169 2147 239 2189; x_wconf 89' lang='lat' dir='ltr'>Ep.</span> <span class='ocrx_word' id='word_1_188' title='bbox 282 2148 336 2187; x_wconf 88' lang='lat'>17,</span> <span class='ocrx_word' id='word_1_189' title='bbox 351 2148 372 2180; x_wconf 87' lang='lat'>9</span> <span class='ocrx_word' id='word_1_190' title='bbox 390 2148 441 2188; x_wconf 89' lang='lat' dir='ltr'>(p.</span> <span class='ocrx_word' id='word_1_191' title='bbox 457 2148 519 2186; x_wconf 90' lang='lat'>80)</span> <span class='ocrx_word' id='word_1_192' title='bbox 551 2145 748 2179; x_wconf 89' lang='lat' dir='ltr'>inciderint</span> <span class='ocrx_word' id='word_1_193' title='bbox 992 2145 1206 2178; x_wconf 82' lang='lat' dir='ltr'>inciderunt</span> 
     </span>
    </p>

    <p class='ocr_par' dir='ltr' id='par_1_12' title="bbox 170 2189 1172 2233">
     <span class='ocr_line' id='line_1_33' title="bbox 170 2189 1172 2233; baseline -0.003 -9"><span class='ocrx_word' id='word_1_194' title='bbox 170 2191 240 2233; x_wconf 89' lang='lat' dir='ltr'><strong>Ep.</strong></span> <span class='ocrx_word' id='word_1_195' title='bbox 279 2193 336 2231; x_wconf 89' lang='grc'><strong>56,</strong></span> <span class='ocrx_word' id='word_1_196' title='bbox 352 2192 372 2222; x_wconf 87' lang='grc'>2</span> <span class='ocrx_word' id='word_1_197' title='bbox 391 2192 441 2233; x_wconf 93' lang='lat' dir='ltr'>(p.</span> <span class='ocrx_word' id='word_1_198' title='bbox 458 2192 520 2230; x_wconf 82' lang='lat'>84)</span> <span class='ocrx_word' id='word_1_199' title='bbox 551 2190 670 2223; x_wconf 88' lang='lat' dir='ltr'>libarii</span> <span class='ocrx_word' id='word_1_200' title='bbox 987 2189 1172 2233; x_wconf 80' lang='lat' dir='ltr'>†biberari</span> 
     </span>
    </p>

    <p class='ocr_par' dir='ltr' id='par_1_13' title="bbox 172 2231 1486 2322">
     <span class='ocr_line' id='line_1_34' title="bbox 172 2231 1486 2285; baseline -0.002 -18"><span class='ocrx_word' id='word_1_201' title='bbox 172 2235 241 2278; x_wconf 90' lang='lat' dir='ltr'><strong>Ep.</strong></span> <span class='ocrx_word' id='word_1_202' title='bbox 282 2237 339 2276; x_wconf 83' lang='lat'>61,</span> <span class='ocrx_word' id='word_1_203' title='bbox 356 2237 376 2268; x_wconf 88' lang='grc'><strong>3</strong></span> <span class='ocrx_word' id='word_1_204' title='bbox 393 2236 444 2277; x_wconf 88' lang='lat' dir='ltr'>(p.</span> <span class='ocrx_word' id='word_1_205' title='bbox 459 2236 522 2275; x_wconf 87' lang='grc'>88)</span> <span class='ocrx_word' id='word_1_206' title='bbox 551 2235 790 2285; x_wconf 87' lang='lat' dir='ltr'>repugnanti,</span> <span class='ocrx_word' id='word_1_207' title='bbox 810 2234 948 2267; x_wconf 89' lang='lat' dir='ltr'>volenti</span> <span class='ocrx_word' id='word_1_208' title='bbox 992 2233 1233 2276; x_wconf 76' lang='lat' dir='ltr'>repugnanti,</span> <span class='ocrx_word' id='word_1_209' title='bbox 1258 2232 1323 2275; x_wconf 88' lang='lat' dir='ltr'>[in]</span> <span class='ocrx_word' id='word_1_210' title='bbox 1342 2231 1486 2265; x_wconf 87' lang='lat' dir='ltr'>volenti</span> 
     </span>
     <span class='ocr_line' id='line_1_35' title="bbox 172 2276 1388 2322; baseline -0.003 -10"><span class='ocrx_word' id='word_1_211' title='bbox 172 2279 241 2322; x_wconf 85' lang='lat' dir='ltr'>Ep.</span> <span class='ocrx_word' id='word_1_212' title='bbox 262 2281 340 2319; x_wconf 88' lang='grc'>106</span> <span class='ocrx_word' id='word_1_213' title='bbox 355 2281 376 2311; x_wconf 89' lang='lat'>4</span> <span class='ocrx_word' id='word_1_214' title='bbox 394 2280 444 2321; x_wconf 93' lang='lat' dir='ltr'>(p.</span> <span class='ocrx_word' id='word_1_215' title='bbox 461 2281 522 2319; x_wconf 88' lang='lat'>95)</span> <span class='ocrx_word' id='word_1_216' title='bbox 552 2288 647 2321; x_wconf 89' lang='lat' dir='ltr'>quae</span> <span class='ocrx_word' id='word_1_217' title='bbox 665 2279 812 2320; x_wconf 85' lang='lat' dir='ltr'>propria</span> <span class='ocrx_word' id='word_1_218' title='bbox 989 2288 1086 2320; x_wconf 83' lang='lat' dir='ltr'>quae</span> <span class='ocrx_word' id='word_1_219' title='bbox 1105 2277 1218 2319; x_wconf 83' lang='lat' dir='ltr'>[ergo]</span> <span class='ocrx_word' id='word_1_220' title='bbox 1236 2276 1388 2319; x_wconf 79' lang='lat' dir='ltr'>propria</span> 
     </span>
    </p>
   </div>
   <div class='ocr_carea' id='block_1_11' title="bbox 172 2320 1428 2367">
    <p class='ocr_par' dir='ltr' id='par_1_14' title="bbox 172 2320 1428 2367">
     <span class='ocr_line' id='line_1_36' title="bbox 172 2320 1428 2367; baseline -0.002 -11"><span class='ocrx_word' id='word_1_221' title='bbox 172 2324 241 2367; x_wconf 93' lang='lat' dir='ltr'>Ep.</span> <span class='ocrx_word' id='word_1_222' title='bbox 258 2325 336 2365; x_wconf 90' lang='grc'>115,</span> <span class='ocrx_word' id='word_1_223' title='bbox 356 2324 398 2355; x_wconf 84' lang='grc'>14</span> <span class='ocrx_word' id='word_1_224' title='bbox 412 2324 462 2366; x_wconf 91' lang='lat' dir='ltr'>(p.</span> <span class='ocrx_word' id='word_1_225' title='bbox 474 2324 536 2364; x_wconf 89' lang='lat'>99)</span> <span class='ocrx_word' id='word_1_226' title='bbox 552 2323 768 2365; x_wconf 89' lang='lat' dir='ltr'>pessimum,</span> <span class='ocrx_word' id='word_1_227' title='bbox 787 2325 829 2355; x_wconf 90' lang='lat' dir='ltr'>ut</span> <span class='ocrx_word' id='word_1_228' title='bbox 992 2321 1208 2365; x_wconf 81' lang='lat' dir='ltr'>pessimum,</span> <span class='ocrx_word' id='word_1_229' title='bbox 1228 2320 1366 2363; x_wconf 86' lang='lat' dir='ltr'>[simul]</span> <span class='ocrx_word' id='word_1_230' title='bbox 1384 2322 1428 2353; x_wconf 78' lang='lat' dir='ltr'>ut</span> 
     </span>
    </p>
   </div>
  </div>
 </body>
</html>
