1667 2524
445 119 513 152 AD
548 116 795 152 LUCILIUM
828 115 1074 150 EPISTULA
1109 116 1211 150 CXV
1472 111 1526 153 99

122 238 221 277 mali
258 238 409 278 iaceat.
470 237 588 277 Haec
625 236 718 286 ipsa
755 248 833 284 res,
871 247 981 286 quae
1017 239 1084 274 tot
1123 234 1417 284 magistratus,
1455 238 1522 274 tot
1552 244 1590 273 10

120 304 280 344 iudices
323 304 503 352 detinet,
548 315 658 354 quae
701 306 744 343 et
790 301 1069 352 magistratus
1112 306 1154 341 et
1199 301 1360 341 iudices
1403 301 1522 350 facit,

120 370 314 421 pecunia,
339 384 392 410 ex
416 383 502 421 quo
525 369 569 408 in
593 368 752 408 honore
776 381 865 408 esse
891 367 1046 418 coepit,
1072 380 1198 407 verus
1223 380 1362 407 rerum
1388 366 1524 407 honor

120 436 295 485 cecidit,·
324 440 665 486 mercatoresque
682 440 725 475 et
743 435 915 475 venales
935 435 978 474 in
996 435 1133 475 vicem
1154 433 1258 474 facti
1276 433 1522 485 quaerimus

119 515 205 542 non
243 502 369 554 quale
407 502 461 542 sit
501 501 705 553 quidque,
745 501 817 541 sed
858 500 1032 553 quanti:
1088 501 1142 541 ad
1184 500 1423 540 mercedem
1463 500 1521 551 pii

119 581 280 617 sumus,
313 569 366 609 ad
399 568 637 608 mercedem
668 567 803 618 impii,
835 572 877 608 et
910 567 1104 615 honesta,
1137 566 1346 618 quamdiu
1378 566 1522 618 aliqua

118 635 198 675 illis
239 648 334 685 spes
375 635 500 683 inest,
542 634 774 685 sequimur,
816 634 860 673 in
901 634 1165 674 contrarium
1206 633 1445 681 transituri,
1487 633 1521 672 si

119 701 215 752 plus
251 701 408 742 scelera
445 701 716 752 promittent.
778 701 1122 741 Admirationem
1160 701 1284 741 nobis
1322 705 1521 751 parentes
1552 711 1587 740 11

120 767 211 808 auri
235 767 486 818 argentique
509 767 716 815 fecerunt,
741 771 783 808 et
808 767 965 807 teneris
988 767 1130 807 infusa
1154 767 1369 818 cupiditas
1393 767 1521 806 altius

119 833 228 874 sedit
281 833 501 885 crevitque
553 833 790 874 nobiscum.
853 833 1017 874 Deinde
1068 838 1189 873 totus
1241 833 1427 884 populus
1478 832 1520 872 in

119 900 202 940 alia
236 900 396 940 discors
429 900 473 939 in
508 899 587 940 hoc
623 900 838 940 convenit.
900 900 993 940 Hoc
1029 900 1284 951 suspiciunt,
1321 899 1399 940 hoc
1435 899 1521 939 suis

119 971 289 1018 optant,
337 966 415 1007 hoc
462 966 527 1007 dis
575 966 694 1007 velut
743 980 882 1007 rerum
930 966 1218 1006 humanarum
1267 966 1520 1014 maximum,

119 1046 217 1073 cum
246 1033 356 1084 grati
386 1033 521 1073 videri
552 1033 719 1081 volunt,
751 1038 1016 1073 consecrant.
1079 1033 1275 1084 Denique
1304 1046 1354 1073 eo
1384 1046 1522 1072 mores

120 1099 281 1140 redacti
310 1104 425 1147 sunt,
454 1104 503 1140 ut
532 1104 766 1151 paupertas
796 1100 1024 1140 maledicto
1053 1100 1296 1150 probroque
1324 1099 1394 1148 sit,
1424 1112 1522 1139 con-

120 1170 290 1216 tempta
328 1166 551 1214 divitibus,
592 1166 731 1205 invisa
769 1165 1043 1216 pauperibus.
1104 1166 1327 1206 Accedunt
1367 1165 1521 1205 deinde
1552 1177 1588 1205 12

119 1232 309 1272 carmina
345 1236 586 1282 poetarum,
625 1245 734 1283 quae
773 1232 1014 1272 adfectibus
1052 1232 1209 1271 nostris
1246 1231 1384 1271 facem
1422 1231 1521 1271 sub-

118 1299 240 1347 dant,
282 1298 438 1349 quibus
477 1298 656 1338 divitiae
696 1298 815 1338 velut
856 1298 1031 1338 unicum
1071 1298 1188 1338 vitae
1228 1298 1358 1338 decus
1398 1311 1521 1337 orna-

120 1369 401 1416 mentumque
438 1365 684 1404 laudantur.
748 1364 861 1403 Nihil
900 1364 980 1403 illis
1019 1364 1168 1404 melius
1206 1377 1282 1405 nec
1319 1364 1421 1405 dare
1459 1363 1521 1404 vi-

118 1431 277 1471 dentur
302 1431 345 1471 di
372 1431 637 1471 immortales
664 1444 787 1482 posse
815 1444 891 1471 nec
920 1430 1076 1471 habere

261 1530 416 1582 ‘Regia
444 1529 549 1570 Solis
576 1535 668 1570 erat
697 1530 956 1571 sublimibus
990 1530 1080 1571 alta
1112 1530 1322 1571 columnis
1549 1544 1587 1575 13

284 1597 397 1637 clara
427 1596 612 1637 micante
640 1599 773 1637 auro.'

120 1707 325 1748 Eiusdem
351 1721 522 1748 currum
549 1708 688 1759 aspice
702 1721 710 1747 ε

263 1807 447 1848 ‘Aureus
469 1808 559 1848 axis
579 1812 685 1856 erat,
709 1812 826 1848 temo
847 1821 1014 1857 aureus,
1039 1821 1169 1849 aurea
1191 1821 1387 1849 summae

286 1878 518 1914 curvatura
539 1878 671 1916 rotae,
695 1874 914 1915 radiorum
936 1880 1164 1926 argenteus
1187 1875 1319 1915 ordo.'

121 1984 316 2035 Denique
345 1984 460 2035 quod
490 1984 704 2035 optimum
730 1984 864 2025 videri
894 1985 1046 2025 volunt
1076 1985 1307 2031 saeculum,
1331 1985 1521 2025 Aureum

120 2050 354 2101 appellant.
416 2051 503 2091 Nec
533 2051 647 2101 apud
680 2051 864 2091 Graecos
894 2051 1080 2101 tragicos
1103 2051 1276 2099 desunt,
1302 2051 1375 2102 qui
1404 2051 1520 2091 lucro
1550 2063 1587 2091 14

120 2116 426 2166 innocentiam,
454 2117 652 2165 salutem,
681 2117 925 2168 opinionem
956 2117 1116 2157 bonam
1150 2122 1334 2158 mutent.

291 2228 300 2245 ‘
317 2223 414 2266 Sine
436 2239 503 2266 me
525 2225 670 2265 vocari
692 2225 939 2277 pessimum,
963 2230 1010 2266 ut
1033 2225 1153 2266 dives
1173 2227 1328 2267 vocer)

288 2294 297 2312 ‘
313 2291 380 2331 An
402 2291 534 2341 dives,
558 2305 705 2333 omnes
728 2292 984 2346 quaerimus,
1007 2305 1146 2341 nemo,
1170 2306 1224 2332 an
1245 2293 1411 2333 bonus.'
