1667 2524
101 95 155 135 22
517 98 556 131 L.
592 98 786 132 ANNAEI
820 100 1046 134 SENECAE

100 218 270 269 eripuit,
312 219 451 259 invisa
492 224 592 260 sunt
615 243 678 268 —,
721 224 824 260 tunc
867 225 1014 261 tamen
1054 221 1134 262 erit
1177 223 1356 272 agenda,
1400 236 1498 264 cum

101 285 286 335 primum
311 286 555 336 aequiorem
580 292 622 325 te
646 286 705 325 illi
728 286 911 326 iudicem
935 287 1024 327 dies
1048 287 1216 337 fecerit,·
1256 294 1359 329 tunc
1384 289 1497 329 enim

101 351 259 402 poteris
284 352 327 391 in
352 352 536 402 gratiam
563 365 660 392 cum
686 352 757 392 illa
782 353 929 393 redire.
992 354 1103 393 Nam
1130 355 1267 394 multa
1293 355 1496 405 providit,

101 418 256 469 quibus
280 418 388 458 hanc
413 419 661 458 emendaret
686 418 899 467 iniuriam,
926 419 1063 460 multa
1086 420 1334 462 etiamnunc
1360 421 1497 471 dabit,

101 484 255 535 quibus
284 485 488 533 redimat;
532 485 716 535 denique
745 485 885 535 ipsum
915 485 1007 534 hoc,
1038 487 1153 537 quod
1183 487 1375 536 abstulit-
1407 488 1499 538 ipsa

99 551 275 590 dederat
310 551 401 591 tibi.
465 551 562 590 Noli
595 564 694 601 ergo
728 556 878 591 contra
911 556 954 592 te
988 552 1156 603 ingenio
1190 553 1255 593 uti
1288 558 1378 602 tuo,
1413 554 1499 593 noli

100 617 246 657 adesse
281 617 416 657 dolori
451 622 540 657 tuo.
603 618 751 657 Potest
788 618 962 669 quidem
997 619 1244 670 eloquentia
1278 624 1355 660 tua
1390 633 1499 671 quae

100 696 235 734 parva
254 688 354 723 sunt
375 683 614 734 adprobare
635 697 711 734 pro
732 684 911 734 magnis,
933 698 1076 724 rursus
1098 698 1254 735 magna
1274 690 1500 726 attenuare

99 754 142 790 et
172 750 225 790 ad
255 750 432 790 minima
459 751 690 799 deducere;
734 751 806 791 sed
837 751 919 790 alio
947 751 1051 791 istas
1080 751 1191 791 vires
1218 757 1358 792 servet
1387 765 1499 801 suas,

100 829 212 856 nunc
240 821 335 856 tota
362 830 405 856 se
432 816 475 856 in
503 817 708 857 solacium
743 821 869 875 tuum
903 817 1108 857 conferat.
1182 818 1237 858 Et
1266 823 1413 859 tamen
1439 818 1501 858 di-

100 883 227 934 spice,
245 897 297 923 ne
314 882 392 923 hoc
417 883 503 923 iam
526 896 697 935 quoque
721 883 863 934 ipsum
885 884 938 923 sit
961 897 1299 934 supervacuum;
1340 885 1500 936 aliquid

99 949 212 990 enim
251 964 275 989 a
311 950 434 989 nobis
471 954 628 990 natura
664 950 811 1000 exigit,
850 950 945 1001 plus
983 950 1179 991 vanitate
1217 951 1499 991 contrahitur.

102 1017 350 1067 Numquam
380 1021 526 1056 autem
554 1030 631 1067 ego
660 1030 685 1056 a
712 1021 769 1065 te,
800 1030 851 1056 ne
879 1030 932 1057 ex
960 1021 1056 1056 toto
1085 1030 1288 1060 maereas.
1317 1017 1499 1067 exigam.

101 1083 157 1123 Et
188 1082 274 1122 scio
304 1083 485 1122 inveniri
516 1083 728 1134 quosdam
759 1083 891 1123 durae
924 1083 1058 1133 magis
1089 1097 1220 1134 quam
1252 1084 1374 1124 fortis
1405 1097 1502 1134 pru-

99 1149 271 1190 dentiae
303 1149 430 1197 viros,
465 1149 538 1200 qui
570 1154 726 1200 negent
759 1149 996 1189 doliturum
1029 1163 1119 1190 esse
1151 1150 1411 1200 sapientem:
1460 1149 1502 1189 hi

101 1229 186 1255 non
215 1215 419 1256 videntur
440 1215 543 1255 mihi
572 1229 781 1267 umquam
810 1215 854 1255 in
883 1216 1093 1256 eiusmodi
1123 1229 1269 1256 casum
1292 1216 1501 1265 incidisse,

101 1282 290 1333 alioquin
317 1282 571 1322 excussisset
600 1282 681 1321 illis
709 1282 886 1322 fortuna
913 1283 1144 1333 superbam
1173 1282 1431 1333 sapientiam
1459 1286 1501 1322 et

102 1349 154 1388 ad
205 1349 513 1389 confessionem
562 1362 634 1388 eos
683 1349 772 1388 veri
821 1349 953 1388 etiam
1002 1348 1163 1388 invitos
1213 1348 1500 1399 compulisset.

102 1415 214 1455 Satis
250 1415 511 1465 praestiterit
547 1415 672 1463 ratio,
708 1415 744 1454 si
778 1415 820 1455 id
857 1428 992 1454 unum
1027 1429 1080 1455 ex
1115 1415 1273 1464 dolore,
1310 1415 1424 1466 quod
1459 1419 1502 1455 et

102 1485 292 1532 superest
313 1486 356 1521 et
379 1481 588 1530 abundat,
606 1481 834 1522 exciderit:
876 1486 923 1521 ut
951 1481 1126 1532 quidem
1145 1481 1310 1520 nullum
1329 1481 1503 1520 omnino

101 1561 190 1588 esse
207 1560 305 1588 eum
324 1547 530 1598 patiatur,
550 1561 626 1588 nec
645 1548 907 1598 sperandum
926 1547 1000 1586 ulli
1018 1561 1093 1587 nec
1114 1547 1503 1598 concupiscendum

101 1618 178 1654 est.
241 1614 367 1654 Hunc
407 1614 552 1665 potius
593 1615 770 1654 modum
810 1618 965 1662 servet,
1007 1613 1079 1664 qui
1119 1627 1194 1653 nec
1233 1613 1503 1664 impietatem

102 1680 296 1721 imitetur
322 1695 398 1721 nec
425 1681 639 1721 insaniam
666 1685 710 1721 et
738 1694 815 1720 nos
842 1680 886 1720 in
912 1694 962 1721 eo
990 1684 1136 1720 teneat
1165 1679 1332 1729 habitu,
1361 1680 1434 1731 qui
1460 1684 1503 1720 et

103 1747 197 1798 piae
226 1747 381 1787 mentis
408 1752 472 1788 est
502 1761 577 1788 nec
608 1752 772 1788 motae:
817 1747 954 1787 fluant
984 1747 1198 1795 lacrimae,
1228 1746 1300 1786 sed
1329 1746 1503 1786 eaedem

102 1818 145 1854 et
172 1813 383 1862 desinant,
411 1814 643 1854 trahantur
668 1828 721 1855 ex
747 1814 833 1853 imo
860 1813 1045 1864 gemitus
1072 1817 1259 1863 pectore,
1288 1813 1361 1853 sed
1390 1812 1503 1853 idem

103 1881 146 1917 et
173 1877 399 1926 finiantur;
443 1877 500 1918 sic
540 1891 635 1928 rege
675 1877 868 1918 animum
896 1882 1036 1925 tuum,
1065 1881 1114 1917 ut
1153 1880 1195 1917 et
1237 1876 1504 1927 sapientibus

104 1948 147 1984 te
179 1944 416 1994 adprobare
447 1944 582 1995 possis
623 1948 666 1984 et
710 1944 928 1983 fratribus.
990 1943 1135 1992 Effice,
1167 1947 1216 1982 ut
1258 1942 1506 1993 frequenter

105 2010 248 2050 fratris
287 2010 351 2050 tui
392 2010 642 2050 memoriam
682 2010 762 2050 tibi
801 2010 905 2050 velis
944 2023 1175 2057 occurrere,
1215 2013 1263 2048 ut
1303 2008 1423 2048 illum
1462 2012 1504 2048 et

106 2077 372 2116 sermonibus
401 2077 584 2117 celebres
611 2081 654 2117 et
683 2077 864 2116 adsidua
892 2075 1185 2116 recordatione
1215 2078 1506 2125 repraesentes

106 2142 199 2191 tibi,
227 2143 341 2194 quod
369 2143 431 2182 ita
457 2143 632 2183 demum
660 2142 861 2193 consequi
889 2142 1061 2192 poteris,
1089 2141 1123 2180 si
1149 2141 1229 2181 tibi
1257 2140 1505 2181 memoriam

87 2209 195 2249 'eius
220 2209 453 2249 iucundam
481 2209 615 2259 magis
642 2222 772 2260 quam
800 2208 983 2249 flebilem
1010 2208 1180 2256 fcceris;
1222 2206 1418 2247 naturale
1442 2210 1505 2246 est

107 2275 235 2324 enirn,
272 2280 321 2316 ut
358 2288 527 2327 semper
562 2275 731 2315 animus
767 2275 821 2315 ab
857 2288 907 2315 eo
942 2274 1140 2325 refugiat,
1179 2274 1232 2314 ad
1270 2273 1384 2325 quod
1409 2285 1505 2313 cum
