<?xml version="1.0" encoding="UTF-8"?>
<!DOCTYPE html PUBLIC "-//W3C//DTD XHTML 1.0 Transitional//EN"
    "http://www.w3.org/TR/xhtml1/DTD/xhtml1-transitional.dtd">
<html xmlns="http://www.w3.org/1999/xhtml" xml:lang="en" lang="en">
 <head>
  <title>
</title>
<meta http-equiv="Content-Type" content="text/html;charset=utf-8" />
  <meta name='ocr-system' content='tesseract 3.04.00' />
  <meta name='ocr-capabilities' content='ocr_page ocr_carea ocr_par ocr_line ocrx_word'/>
</head>
<body>
  <div class='ocr_page' id='page_1' title='image "./selectedessayssa00seneuoft_0123.png"; bbox 0 0 1667 2524; ppageno 0'>
   <div class='ocr_carea' id='block_1_1' title="bbox 415 92 1515 133">
    <p class='ocr_par' dir='ltr' id='par_1_1' title="bbox 415 92 1515 133">
     <span class='ocr_line' id='line_1_1' title="bbox 415 92 1515 133; baseline 0.001 -2"><span class='ocrx_word' id='word_1_1' title='bbox 415 98 484 131; x_wconf 92' lang='lat' dir='ltr'>AD</span> <span class='ocrx_word' id='word_1_2' title='bbox 520 97 765 131; x_wconf 71' lang='lat' dir='ltr'>LUCILIL&#39;M</span> <span class='ocrx_word' id='word_1_3' title='bbox 799 96 1045 130; x_wconf 63' lang='lat' dir='ltr'>EPISTULA</span> <span class='ocrx_word' id='word_1_4' title='bbox 1076 96 1211 129; x_wconf 63' lang='lat' dir='ltr'>X&#39;vffl</span> <span class='ocrx_word' id='word_1_5' title='bbox 1462 92 1515 133; x_wconf 78' lang='grc'>83</span> 
     </span>
    </p>
   </div>
   <div class='ocr_carea' id='block_1_2' title="bbox 115 215 1515 600">
    <p class='ocr_par' dir='ltr' id='par_1_2' title="bbox 115 215 1515 600">
     <span class='ocr_line' id='line_1_2' title="bbox 120 215 1515 268; baseline -0.003 -10"><span class='ocrx_word' id='word_1_6' title='bbox 120 219 161 258; x_wconf 91' lang='lat' dir='ltr'>id</span> <span class='ocrx_word' id='word_1_7' title='bbox 195 231 272 258; x_wconf 90' lang='lat' dir='ltr'>sua</span> <span class='ocrx_word' id='word_1_8' title='bbox 305 222 458 268; x_wconf 91' lang='lat' dir='ltr'>sponte</span> <span class='ocrx_word' id='word_1_9' title='bbox 490 216 759 264; x_wconf 79' lang='lat' dir='ltr'>descendere,</span> <span class='ocrx_word' id='word_1_10' title='bbox 793 216 908 267; x_wconf 89' lang='lat' dir='ltr'>quod</span> <span class='ocrx_word' id='word_1_11' title='bbox 943 229 994 256; x_wconf 92' lang='lat' dir='ltr'>ne</span> <span class='ocrx_word' id='word_1_12' title='bbox 1027 216 1080 255; x_wconf 87' lang='lat' dir='ltr'>ad</span> <span class='ocrx_word' id='word_1_13' title='bbox 1114 220 1308 255; x_wconf 79' lang='lat' dir='ltr'>extrema</span> <span class='ocrx_word' id='word_1_14' title='bbox 1341 215 1515 266; x_wconf 88' lang='lat' dir='ltr'>quidem</span> 
     </span>
     <span class='ocr_line' id='line_1_3' title="bbox 115 281 1515 332; baseline -0.003 -8"><span class='ocrx_word' id='word_1_15' title='bbox 115 284 297 324; x_wconf 75' lang='lat' dir='ltr'>decretis</span> <span class='ocrx_word' id='word_1_16' title='bbox 332 283 572 323; x_wconf 88' lang='lat' dir='ltr'>timendum</span> <span class='ocrx_word' id='word_1_17' title='bbox 606 284 675 322; x_wconf 90' lang='lat' dir='ltr'>sit.</span> <span class='ocrx_word' id='word_1_18' title='bbox 738 282 830 321; x_wconf 90' lang='lat' dir='ltr'>Hoc</span> <span class='ocrx_word' id='word_1_19' title='bbox 864 287 927 321; x_wconf 87' lang='lat' dir='ltr'>est</span> <span class='ocrx_word' id='word_1_20' title='bbox 963 295 1275 332; x_wconf 82' lang='lat' dir='ltr'>praeoccupare</span> <span class='ocrx_word' id='word_1_21' title='bbox 1301 281 1386 321; x_wconf 88' lang='lat' dir='ltr'>tela</span> <span class='ocrx_word' id='word_1_22' title='bbox 1414 281 1515 320; x_wconf 86' lang='lat' dir='ltr'>For-</span> 
     </span>
     <span class='ocr_line' id='line_1_4' title="bbox 117 347 1515 400; baseline -0.001 -11"><span class='ocrx_word' id='word_1_23' title='bbox 117 355 259 390; x_wconf 92' lang='lat' dir='ltr'>tunae.</span> <span class='ocrx_word' id='word_1_24' title='bbox 323 350 469 400; x_wconf 85' lang='lat' dir='ltr'>Incipe</span> <span class='ocrx_word' id='word_1_25' title='bbox 507 362 619 399; x_wconf 80' lang='lat' dir='ltr'>ergo,</span> <span class='ocrx_word' id='word_1_26' title='bbox 658 349 716 388; x_wconf 93' lang='lat' dir='ltr'>mi</span> <span class='ocrx_word' id='word_1_27' title='bbox 755 348 902 395; x_wconf 84' lang='lat' dir='ltr'>Lucili,</span> <span class='ocrx_word' id='word_1_28' title='bbox 941 349 1060 398; x_wconf 86' lang='lat' dir='ltr'>sequi</span> <span class='ocrx_word' id='word_1_29' title='bbox 1098 347 1250 388; x_wconf 88' lang='lat' dir='ltr'>horum</span> <span class='ocrx_word' id='word_1_30' title='bbox 1289 352 1515 387; x_wconf 86' lang='lat' dir='ltr'>consuetu-</span> 
     </span>
     <span class='ocr_line' id='line_1_5' title="bbox 115 414 1515 467; baseline -0.002 -10"><span class='ocrx_word' id='word_1_31' title='bbox 115 418 260 457; x_wconf 86' lang='lat' dir='ltr'>dinem</span> <span class='ocrx_word' id='word_1_32' title='bbox 302 421 345 456; x_wconf 90' lang='lat' dir='ltr'>et</span> <span class='ocrx_word' id='word_1_33' title='bbox 388 416 553 467; x_wconf 88' lang='lat' dir='ltr'>aliquos</span> <span class='ocrx_word' id='word_1_34' title='bbox 594 416 683 455; x_wconf 86' lang='lat' dir='ltr'>dies</span> <span class='ocrx_word' id='word_1_35' title='bbox 725 415 907 462; x_wconf 85' lang='lat' dir='ltr'>destina,</span> <span class='ocrx_word' id='word_1_36' title='bbox 951 414 1107 465; x_wconf 86' lang='lat' dir='ltr'>quibus</span> <span class='ocrx_word' id='word_1_37' title='bbox 1149 415 1320 454; x_wconf 89' lang='lat' dir='ltr'>secedas</span> <span class='ocrx_word' id='word_1_38' title='bbox 1362 427 1387 453; x_wconf 88' lang='lat' dir='ltr'>a</span> <span class='ocrx_word' id='word_1_39' title='bbox 1429 415 1515 454; x_wconf 88' lang='lat' dir='ltr'>tuis</span> 
     </span>
     <span class='ocr_line' id='line_1_6' title="bbox 118 481 1514 533; baseline -0.001 -11"><span class='ocrx_word' id='word_1_40' title='bbox 118 483 243 523; x_wconf 89' lang='lat' dir='ltr'>rebus</span> <span class='ocrx_word' id='word_1_41' title='bbox 272 483 535 533; x_wconf 86' lang='lat' dir='ltr'>minimoque</span> <span class='ocrx_word' id='word_1_42' title='bbox 565 486 607 521; x_wconf 89' lang='lat' dir='ltr'>te</span> <span class='ocrx_word' id='word_1_43' title='bbox 636 482 768 520; x_wconf 84' lang='lat' dir='ltr'>facias</span> <span class='ocrx_word' id='word_1_44' title='bbox 797 481 1072 529; x_wconf 85' lang='lat' dir='ltr'>familiarem;</span> <span class='ocrx_word' id='word_1_45' title='bbox 1116 481 1254 531; x_wconf 90' lang='lat' dir='ltr'>incipe</span> <span class='ocrx_word' id='word_1_46' title='bbox 1284 493 1381 520; x_wconf 90' lang='lat' dir='ltr'>cum</span> <span class='ocrx_word' id='word_1_47' title='bbox 1410 493 1514 532; x_wconf 90' lang='lat' dir='ltr'>pau-</span> 
     </span>
     <span class='ocr_line' id='line_1_7' title="bbox 117 548 814 600; baseline -0.004 -11"><span class='ocrx_word' id='word_1_48' title='bbox 117 554 285 600; x_wconf 88' lang='lat' dir='ltr'>pertate</span> <span class='ocrx_word' id='word_1_49' title='bbox 309 548 465 588; x_wconf 86' lang='lat' dir='ltr'>habere</span> <span class='ocrx_word' id='word_1_50' title='bbox 491 548 814 587; x_wconf 85' lang='lat' dir='ltr'>commercium:</span> 
     </span>
    </p>
   </div>
   <div class='ocr_carea' id='block_1_3' title="bbox 172 647 1457 766">
    <p class='ocr_par' dir='ltr' id='par_1_3' title="bbox 172 647 1457 766">
     <span class='ocr_line' id='line_1_8' title="bbox 172 647 1457 699; baseline -0.002 -11"><span class='ocrx_word' id='word_1_51' title='bbox 172 647 322 697; x_wconf 87' lang='lat' dir='ltr'>‘Aude,</span> <span class='ocrx_word' id='word_1_52' title='bbox 346 648 513 699; x_wconf 83' lang='lat' dir='ltr'>hospes,</span> <span class='ocrx_word' id='word_1_53' title='bbox 539 652 809 687; x_wconf 79' lang='lat' dir='ltr'>contemnere</span> <span class='ocrx_word' id='word_1_54' title='bbox 831 660 932 698; x_wconf 87' lang='lat' dir='ltr'>opes</span> <span class='ocrx_word' id='word_1_55' title='bbox 954 651 996 687; x_wconf 89' lang='lat' dir='ltr'>et</span> <span class='ocrx_word' id='word_1_56' title='bbox 1020 651 1062 687; x_wconf 90' lang='lat' dir='ltr'>te</span> <span class='ocrx_word' id='word_1_57' title='bbox 1085 659 1256 698; x_wconf 89' lang='lat' dir='ltr'>quoque</span> <span class='ocrx_word' id='word_1_58' title='bbox 1278 647 1457 698; x_wconf 82' lang='lat' dir='ltr'>dignum</span> 
     </span>
     <span class='ocr_line' id='line_1_9' title="bbox 183 715 442 766; baseline 0.004 -13"><span class='ocrx_word' id='word_1_59' title='bbox 183 715 313 766; x_wconf 84' lang='lat' dir='ltr'>Finge</span> <span class='ocrx_word' id='word_1_60' title='bbox 333 715 442 755; x_wconf 84' lang='lat' dir='ltr'>deo.’</span> 
     </span>
    </p>
   </div>
   <div class='ocr_carea' id='block_1_4' title="bbox 111 814 1510 2056">
    <p class='ocr_par' dir='ltr' id='par_1_4' title="bbox 114 814 1510 1131">
     <span class='ocr_line' id='line_1_10' title="bbox 117 814 1510 866; baseline -0.001 -11"><span class='ocrx_word' id='word_1_61' title='bbox 117 815 253 855; x_wconf 91' lang='lat' dir='ltr'>Nemo</span> <span class='ocrx_word' id='word_1_62' title='bbox 285 815 393 855; x_wconf 88' lang='lat' dir='ltr'>alius</span> <span class='ocrx_word' id='word_1_63' title='bbox 426 819 490 855; x_wconf 86' lang='lat' dir='ltr'>est</span> <span class='ocrx_word' id='word_1_64' title='bbox 525 815 604 855; x_wconf 90' lang='lat' dir='ltr'>deo</span> <span class='ocrx_word' id='word_1_65' title='bbox 639 814 792 865; x_wconf 85' lang='lat' dir='ltr'>dignus</span> <span class='ocrx_word' id='word_1_66' title='bbox 827 828 957 866; x_wconf 90' lang='lat' dir='ltr'>quam</span> <span class='ocrx_word' id='word_1_67' title='bbox 993 815 1065 866; x_wconf 90' lang='lat' dir='ltr'>qui</span> <span class='ocrx_word' id='word_1_68' title='bbox 1100 828 1201 865; x_wconf 91' lang='lat' dir='ltr'>opes</span> <span class='ocrx_word' id='word_1_69' title='bbox 1237 815 1510 866; x_wconf 74' lang='lat' dir='ltr'>contempsit.</span> 
     </span>
     <span class='ocr_line' id='line_1_11' title="bbox 116 881 1510 932; baseline 0.001 -12"><span class='ocrx_word' id='word_1_70' title='bbox 116 882 308 930; x_wconf 84' lang='lat' dir='ltr'>Quarum</span> <span class='ocrx_word' id='word_1_71' title='bbox 330 882 640 932; x_wconf 90' lang='lat' dir='ltr'>possessionem</span> <span class='ocrx_word' id='word_1_72' title='bbox 664 881 742 921; x_wconf 85' lang='lat' dir='ltr'>tibi</span> <span class='ocrx_word' id='word_1_73' title='bbox 765 895 850 920; x_wconf 89' lang='lat' dir='ltr'>non</span> <span class='ocrx_word' id='word_1_74' title='bbox 872 881 1094 929; x_wconf 76' lang='lat' dir='ltr'>interdico,</span> <span class='ocrx_word' id='word_1_75' title='bbox 1118 881 1190 921; x_wconf 89' lang='lat' dir='ltr'>sed</span> <span class='ocrx_word' id='word_1_76' title='bbox 1213 881 1375 921; x_wconf 87' lang='lat' dir='ltr'>efficere</span> <span class='ocrx_word' id='word_1_77' title='bbox 1398 881 1510 930; x_wconf 89' lang='lat' dir='ltr'>volo,</span> 
     </span>
     <span class='ocr_line' id='line_1_12' title="bbox 115 948 1509 998; baseline 0.001 -11"><span class='ocrx_word' id='word_1_78' title='bbox 115 953 163 988; x_wconf 93' lang='lat' dir='ltr'>ut</span> <span class='ocrx_word' id='word_1_79' title='bbox 188 948 280 987; x_wconf 87' lang='lat' dir='ltr'>illas</span> <span class='ocrx_word' id='word_1_80' title='bbox 304 948 516 998; x_wconf 87' lang='lat' dir='ltr'>intrepide</span> <span class='ocrx_word' id='word_1_81' title='bbox 541 948 781 998; x_wconf 82' lang='lat' dir='ltr'>possideas:</span> <span class='ocrx_word' id='word_1_82' title='bbox 822 948 936 998; x_wconf 89' lang='lat' dir='ltr'>quod</span> <span class='ocrx_word' id='word_1_83' title='bbox 962 961 1047 987; x_wconf 92' lang='lat' dir='ltr'>uno</span> <span class='ocrx_word' id='word_1_84' title='bbox 1074 948 1342 998; x_wconf 84' lang='lat' dir='ltr'>consequeris</span> <span class='ocrx_word' id='word_1_85' title='bbox 1366 948 1509 996; x_wconf 83' lang='lat' dir='ltr'>modo,</span> 
     </span>
     <span class='ocr_line' id='line_1_13' title="bbox 114 1013 1510 1064; baseline -0.001 -10"><span class='ocrx_word' id='word_1_86' title='bbox 114 1013 149 1054; x_wconf 88' lang='lat' dir='ltr'>si</span> <span class='ocrx_word' id='word_1_87' title='bbox 180 1018 222 1054; x_wconf 88' lang='lat' dir='ltr'>te</span> <span class='ocrx_word' id='word_1_88' title='bbox 253 1015 384 1054; x_wconf 87' lang='lat' dir='ltr'>etiam</span> <span class='ocrx_word' id='word_1_89' title='bbox 415 1014 505 1053; x_wconf 92' lang='lat' dir='ltr'>sine</span> <span class='ocrx_word' id='word_1_90' title='bbox 536 1013 616 1053; x_wconf 89' lang='lat' dir='ltr'>illis</span> <span class='ocrx_word' id='word_1_91' title='bbox 654 1014 779 1053; x_wconf 87' lang='lat' dir='ltr'>beate</span> <span class='ocrx_word' id='word_1_92' title='bbox 812 1014 1029 1053; x_wconf 81' lang='lat' dir='ltr'>victurum</span> <span class='ocrx_word' id='word_1_93' title='bbox 1062 1014 1319 1064; x_wconf 81' lang='lat' dir='ltr'>persuaseris</span> <span class='ocrx_word' id='word_1_94' title='bbox 1351 1014 1444 1063; x_wconf 87' lang='lat' dir='ltr'>tibi,</span> <span class='ocrx_word' id='word_1_95' title='bbox 1476 1015 1510 1054; x_wconf 94' lang='lat' dir='ltr'>si</span> 
     </span>
     <span class='ocr_line' id='line_1_14' title="bbox 114 1080 1145 1131; baseline 0 -12"><span class='ocrx_word' id='word_1_96' title='bbox 114 1080 206 1120; x_wconf 87' lang='lat' dir='ltr'>illas</span> <span class='ocrx_word' id='word_1_97' title='bbox 231 1084 456 1131; x_wconf 81' lang='lat' dir='ltr'>tamquam</span> <span class='ocrx_word' id='word_1_98' title='bbox 480 1081 672 1120; x_wconf 78' lang='lat' dir='ltr'>exituras</span> <span class='ocrx_word' id='word_1_99' title='bbox 697 1093 863 1130; x_wconf 86' lang='lat' dir='ltr'>semper</span> <span class='ocrx_word' id='word_1_100' title='bbox 887 1080 1145 1130; x_wconf 77' lang='lat' dir='ltr'>adspexeris.</span> 
     </span>
    </p>

    <p class='ocr_par' dir='ltr' id='par_1_5' title="bbox 111 1146 1509 2056">
     <span class='ocr_line' id='line_1_15' title="bbox 170 1146 1508 1196; baseline 0 -9"><span class='ocrx_word' id='word_1_101' title='bbox 170 1146 251 1187; x_wconf 84' lang='lat' dir='ltr'>Sed</span> <span class='ocrx_word' id='word_1_102' title='bbox 300 1147 386 1185; x_wconf 91' lang='lat' dir='ltr'>iam</span> <span class='ocrx_word' id='word_1_103' title='bbox 434 1147 688 1196; x_wconf 74' lang='lat' dir='ltr'>incipiamus</span> <span class='ocrx_word' id='word_1_104' title='bbox 736 1146 965 1196; x_wconf 78' lang='lat' dir='ltr'>epistulam</span> <span class='ocrx_word' id='word_1_105' title='bbox 1016 1147 1282 1196; x_wconf 84' lang='lat' dir='ltr'>complicare.</span> <span class='ocrx_word' id='word_1_106' title='bbox 1343 1147 1508 1187; x_wconf 83' lang='lat' dir='ltr'>‘Prius&#39;</span> 
     </span>
     <span class='ocr_line' id='line_1_16' title="bbox 113 1212 1506 1263; baseline 0 -11"><span class='ocrx_word' id='word_1_107' title='bbox 113 1213 255 1263; x_wconf 87' lang='lat' dir='ltr'>inquis</span> <span class='ocrx_word' id='word_1_108' title='bbox 288 1213 438 1252; x_wconf 75' lang='lat' dir='ltr'>‘redde</span> <span class='ocrx_word' id='word_1_109' title='bbox 472 1213 586 1263; x_wconf 88' lang='lat' dir='ltr'>quod</span> <span class='ocrx_word' id='word_1_110' title='bbox 621 1212 779 1252; x_wconf 57' lang='lat' dir='ltr'>debes]</span> <span class='ocrx_word' id='word_1_111' title='bbox 842 1212 1056 1262; x_wconf 82' lang='lat' dir='ltr'>Delegabo</span> <span class='ocrx_word' id='word_1_112' title='bbox 1092 1218 1133 1252; x_wconf 87' lang='lat' dir='ltr'>te</span> <span class='ocrx_word' id='word_1_113' title='bbox 1168 1213 1222 1252; x_wconf 80' lang='lat' dir='ltr'>ad</span> <span class='ocrx_word' id='word_1_114' title='bbox 1258 1213 1506 1263; x_wconf 84' lang='lat' dir='ltr'>Epicurum.</span> 
     </span>
     <span class='ocr_line' id='line_1_17' title="bbox 114 1274 1507 1329; baseline 0.001 -11"><span class='ocrx_word' id='word_1_115' title='bbox 114 1279 181 1318; x_wconf 90' lang='lat' dir='ltr'>Ab</span> <span class='ocrx_word' id='word_1_116' title='bbox 202 1279 272 1318; x_wconf 88' lang='lat' dir='ltr'>illo</span> <span class='ocrx_word' id='word_1_117' title='bbox 306 1278 378 1319; x_wconf 87' lang='lat' dir='ltr'>fiet</span> <span class='ocrx_word' id='word_1_118' title='bbox 411 1274 673 1318; x_wconf 81' lang='lat' dir='ltr'>numeratio:</span> <span class='ocrx_word' id='word_1_119' title='bbox 722 1279 972 1318; x_wconf 79' lang='lat' dir='ltr'>‘immodica</span> <span class='ocrx_word' id='word_1_120' title='bbox 1005 1279 1066 1318; x_wconf 88' lang='lat' dir='ltr'>ira</span> <span class='ocrx_word' id='word_1_121' title='bbox 1098 1280 1233 1329; x_wconf 82' lang='lat' dir='ltr'>gignit</span> <span class='ocrx_word' id='word_1_122' title='bbox 1266 1280 1507 1319; x_wconf 88' lang='lat' dir='ltr'>insaniam.&#39;</span> 
     </span>
     <span class='ocr_line' id='line_1_18' title="bbox 115 1345 1509 1396; baseline 0.001 -12"><span class='ocrx_word' id='word_1_123' title='bbox 115 1345 208 1385; x_wconf 86' lang='lat' dir='ltr'>Hoc</span> <span class='ocrx_word' id='word_1_124' title='bbox 245 1358 375 1396; x_wconf 89' lang='lat' dir='ltr'>quam</span> <span class='ocrx_word' id='word_1_125' title='bbox 412 1358 560 1385; x_wconf 85' lang='lat' dir='ltr'>verum</span> <span class='ocrx_word' id='word_1_126' title='bbox 597 1345 666 1393; x_wconf 88' lang='lat' dir='ltr'>sit,</span> <span class='ocrx_word' id='word_1_127' title='bbox 705 1358 872 1385; x_wconf 84' lang='lat' dir='ltr'>necesse</span> <span class='ocrx_word' id='word_1_128' title='bbox 908 1350 972 1385; x_wconf 87' lang='lat' dir='ltr'>est</span> <span class='ocrx_word' id='word_1_129' title='bbox 1009 1346 1129 1393; x_wconf 88' lang='lat' dir='ltr'>scias,</span> <span class='ocrx_word' id='word_1_130' title='bbox 1169 1359 1265 1385; x_wconf 89' lang='lat' dir='ltr'>cum</span> <span class='ocrx_word' id='word_1_131' title='bbox 1309 1345 1509 1386; x_wconf 87' lang='lat' dir='ltr'>habueris</span> 
     </span>
     <span class='ocr_line' id='line_1_19' title="bbox 113 1411 1508 1462; baseline 0 -10"><span class='ocrx_word' id='word_1_132' title='bbox 113 1416 156 1452; x_wconf 89' lang='lat' dir='ltr'>et</span> <span class='ocrx_word' id='word_1_133' title='bbox 193 1424 364 1451; x_wconf 81' lang='lat' dir='ltr'>servum</span> <span class='ocrx_word' id='word_1_134' title='bbox 400 1416 443 1451; x_wconf 87' lang='lat' dir='ltr'>et</span> <span class='ocrx_word' id='word_1_135' title='bbox 480 1412 713 1450; x_wconf 88' lang='lat' dir='ltr'>inimicum.</span> <span class='ocrx_word' id='word_1_136' title='bbox 775 1411 826 1450; x_wconf 89' lang='lat' dir='ltr'>In</span> <span class='ocrx_word' id='word_1_137' title='bbox 863 1425 1010 1451; x_wconf 88' lang='lat' dir='ltr'>omnes</span> <span class='ocrx_word' id='word_1_138' title='bbox 1046 1425 1249 1462; x_wconf 86' lang='lat' dir='ltr'>personas</span> <span class='ocrx_word' id='word_1_139' title='bbox 1285 1412 1352 1452; x_wconf 84' lang='lat' dir='ltr'>hic</span> <span class='ocrx_word' id='word_1_140' title='bbox 1388 1426 1508 1452; x_wconf 81' lang='lat' dir='ltr'>exar-</span> 
     </span>
     <span class='ocr_line' id='line_1_20' title="bbox 112 1477 1507 1529; baseline 0.001 -11"><span class='ocrx_word' id='word_1_141' title='bbox 112 1478 247 1518; x_wconf 88' lang='lat' dir='ltr'>descit</span> <span class='ocrx_word' id='word_1_142' title='bbox 269 1477 476 1517; x_wconf 86' lang='lat' dir='ltr'>adfectus.</span> <span class='ocrx_word' id='word_1_143' title='bbox 536 1477 643 1516; x_wconf 88' lang='lat' dir='ltr'>Tam</span> <span class='ocrx_word' id='word_1_144' title='bbox 673 1491 727 1517; x_wconf 80' lang='lat' dir='ltr'>ex</span> <span class='ocrx_word' id='word_1_145' title='bbox 757 1491 900 1518; x_wconf 87' lang='lat' dir='ltr'>amore</span> <span class='ocrx_word' id='word_1_146' title='bbox 931 1479 1121 1518; x_wconf 84' lang='lat' dir='ltr'>nascitur</span> <span class='ocrx_word' id='word_1_147' title='bbox 1151 1492 1282 1529; x_wconf 90' lang='lat' dir='ltr'>quam</span> <span class='ocrx_word' id='word_1_148' title='bbox 1312 1492 1366 1519; x_wconf 82' lang='lat' dir='ltr'>ex</span> <span class='ocrx_word' id='word_1_149' title='bbox 1395 1479 1507 1528; x_wconf 91' lang='lat' dir='ltr'>odi0,</span> 
     </span>
     <span class='ocr_line' id='line_1_21' title="bbox 114 1544 1508 1595; baseline 0.001 -12"><span class='ocrx_word' id='word_1_150' title='bbox 114 1557 199 1584; x_wconf 92' lang='lat' dir='ltr'>non</span> <span class='ocrx_word' id='word_1_151' title='bbox 233 1545 374 1584; x_wconf 90' lang='lat' dir='ltr'>minus</span> <span class='ocrx_word' id='word_1_152' title='bbox 408 1545 519 1584; x_wconf 87' lang='lat' dir='ltr'>inter</span> <span class='ocrx_word' id='word_1_153' title='bbox 552 1545 659 1584; x_wconf 87' lang='lat' dir='ltr'>seria</span> <span class='ocrx_word' id='word_1_154' title='bbox 694 1557 825 1595; x_wconf 87' lang='lat' dir='ltr'>quam</span> <span class='ocrx_word' id='word_1_155' title='bbox 860 1545 971 1584; x_wconf 90' lang='lat' dir='ltr'>inter</span> <span class='ocrx_word' id='word_1_156' title='bbox 1005 1544 1121 1584; x_wconf 88' lang='lat' dir='ltr'>lusus</span> <span class='ocrx_word' id='word_1_157' title='bbox 1154 1550 1197 1585; x_wconf 90' lang='lat' dir='ltr'>et</span> <span class='ocrx_word' id='word_1_158' title='bbox 1232 1546 1359 1585; x_wconf 87' lang='lat' dir='ltr'>iocos.</span> <span class='ocrx_word' id='word_1_159' title='bbox 1421 1546 1508 1586; x_wconf 87' lang='lat' dir='ltr'>Nec</span> 
     </span>
     <span class='ocr_line' id='line_1_22' title="bbox 112 1611 1508 1663; baseline 0.002 -14"><span class='ocrx_word' id='word_1_160' title='bbox 112 1611 303 1658; x_wconf 89' lang='lat' dir='ltr'>interest,</span> <span class='ocrx_word' id='word_1_161' title='bbox 333 1623 387 1650; x_wconf 82' lang='lat' dir='ltr'>ex</span> <span class='ocrx_word' id='word_1_162' title='bbox 415 1623 545 1661; x_wconf 87' lang='lat' dir='ltr'>quam</span> <span class='ocrx_word' id='word_1_163' title='bbox 574 1612 731 1660; x_wconf 85' lang='lat' dir='ltr'>magna</span> <span class='ocrx_word' id='word_1_164' title='bbox 761 1624 888 1650; x_wconf 87' lang='lat' dir='ltr'>causa</span> <span class='ocrx_word' id='word_1_165' title='bbox 917 1617 1132 1659; x_wconf 86' lang='lat' dir='ltr'>nascatur,</span> <span class='ocrx_word' id='word_1_166' title='bbox 1162 1612 1235 1652; x_wconf 87' lang='lat' dir='ltr'>sed</span> <span class='ocrx_word' id='word_1_167' title='bbox 1263 1613 1307 1651; x_wconf 94' lang='lat' dir='ltr'>in</span> <span class='ocrx_word' id='word_1_168' title='bbox 1336 1612 1508 1663; x_wconf 88' lang='lat' dir='ltr'>qualem</span> 
     </span>
     <span class='ocr_line' id='line_1_23' title="bbox 112 1666 1506 1729; baseline 0.001 -13"><span class='ocrx_word' id='word_1_169' title='bbox 112 1677 335 1727; x_wconf 89' lang='lat' dir='ltr'>perveniat</span> <span class='ocrx_word' id='word_1_170' title='bbox 367 1677 573 1716; x_wconf 90' lang='lat' dir='ltr'>animum.</span> <span class='ocrx_word' id='word_1_171' title='bbox 634 1677 701 1717; x_wconf 81' lang='lat' dir='ltr'>Sic</span> <span class='ocrx_word' id='word_1_172' title='bbox 732 1678 840 1727; x_wconf 80' lang='lat' dir='ltr'>ignis</span> <span class='ocrx_word' id='word_1_173' title='bbox 871 1690 956 1716; x_wconf 91' lang='lat' dir='ltr'>non</span> <span class='ocrx_word' id='word_1_174' title='bbox 989 1666 1116 1717; x_wconf 83' lang='lat' dir='ltr'>refert</span> <span class='ocrx_word' id='word_1_175' title='bbox 1148 1691 1279 1729; x_wconf 86' lang='lat' dir='ltr'>quam</span> <span class='ocrx_word' id='word_1_176' title='bbox 1311 1691 1506 1729; x_wconf 82' lang='lat' dir='ltr'>magnus,</span> 
     </span>
     <span class='ocr_line' id='line_1_24' title="bbox 111 1743 1507 1793; baseline 0.002 -12"><span class='ocrx_word' id='word_1_177' title='bbox 111 1743 185 1782; x_wconf 89' lang='lat' dir='ltr'>sed</span> <span class='ocrx_word' id='word_1_178' title='bbox 219 1755 304 1793; x_wconf 87' lang='lat' dir='ltr'>quo</span> <span class='ocrx_word' id='word_1_179' title='bbox 337 1743 513 1782; x_wconf 86' lang='lat' dir='ltr'>incidat.</span> <span class='ocrx_word' id='word_1_180' title='bbox 575 1743 687 1782; x_wconf 89' lang='lat' dir='ltr'>Nam</span> <span class='ocrx_word' id='word_1_181' title='bbox 720 1744 852 1782; x_wconf 88' lang='lat' dir='ltr'>etiam</span> <span class='ocrx_word' id='word_1_182' title='bbox 885 1744 1124 1783; x_wconf 82' lang='lat' dir='ltr'>maximum</span> <span class='ocrx_word' id='word_1_183' title='bbox 1158 1745 1293 1784; x_wconf 88' lang='lat' dir='ltr'>solida</span> <span class='ocrx_word' id='word_1_184' title='bbox 1326 1758 1412 1784; x_wconf 92' lang='lat' dir='ltr'>non</span> <span class='ocrx_word' id='word_1_185' title='bbox 1446 1758 1507 1785; x_wconf 90' lang='lat' dir='ltr'>re-</span> 
     </span>
     <span class='ocr_line' id='line_1_25' title="bbox 113 1809 1506 1862; baseline 0.001 -13"><span class='ocrx_word' id='word_1_186' title='bbox 113 1813 337 1859; x_wconf 53' lang='lat' dir='ltr'>ceperunt,</span> <span class='ocrx_word' id='word_1_187' title='bbox 380 1822 524 1848; x_wconf 86' lang='lat' dir='ltr'>rursus</span> <span class='ocrx_word' id='word_1_188' title='bbox 554 1809 674 1848; x_wconf 87' lang='lat' dir='ltr'>arida</span> <span class='ocrx_word' id='word_1_189' title='bbox 704 1814 747 1849; x_wconf 90' lang='lat' dir='ltr'>et</span> <span class='ocrx_word' id='word_1_190' title='bbox 779 1810 939 1860; x_wconf 87' lang='lat' dir='ltr'>conripi</span> <span class='ocrx_word' id='word_1_191' title='bbox 971 1810 1112 1849; x_wconf 86' lang='lat' dir='ltr'>facilia</span> <span class='ocrx_word' id='word_1_192' title='bbox 1142 1810 1372 1850; x_wconf 88' lang='lat' dir='ltr'>scintillam</span> <span class='ocrx_word' id='word_1_193' title='bbox 1403 1824 1506 1862; x_wconf 90' lang='lat' dir='ltr'>quo-</span> 
     </span>
     <span class='ocr_line' id='line_1_26' title="bbox 112 1875 1505 1926; baseline 0.002 -13"><span class='ocrx_word' id='word_1_194' title='bbox 112 1887 195 1925; x_wconf 88' lang='lat' dir='ltr'>que</span> <span class='ocrx_word' id='word_1_195' title='bbox 237 1875 388 1914; x_wconf 81' lang='lat' dir='ltr'>fovent</span> <span class='ocrx_word' id='word_1_196' title='bbox 432 1888 567 1926; x_wconf 88' lang='lat' dir='ltr'>usque</span> <span class='ocrx_word' id='word_1_197' title='bbox 610 1875 653 1913; x_wconf 93' lang='lat' dir='ltr'>in</span> <span class='ocrx_word' id='word_1_198' title='bbox 697 1875 955 1915; x_wconf 87' lang='lat' dir='ltr'>incendium.</span> <span class='ocrx_word' id='word_1_199' title='bbox 1017 1876 1086 1916; x_wconf 89' lang='lat' dir='ltr'>Ita</span> <span class='ocrx_word' id='word_1_200' title='bbox 1130 1880 1209 1924; x_wconf 83' lang='lat' dir='ltr'>est,</span> <span class='ocrx_word' id='word_1_201' title='bbox 1254 1877 1311 1915; x_wconf 90' lang='lat' dir='ltr'>mi</span> <span class='ocrx_word' id='word_1_202' title='bbox 1357 1877 1505 1926; x_wconf 89' lang='lat' dir='ltr'>Lucili,</span> 
     </span>
     <span class='ocr_line' id='line_1_27' title="bbox 111 1941 1506 1991; baseline 0.003 -12"><span class='ocrx_word' id='word_1_203' title='bbox 111 1941 295 1991; x_wconf 86' lang='lat' dir='ltr'>ingentis</span> <span class='ocrx_word' id='word_1_204' title='bbox 320 1941 406 1980; x_wconf 85' lang='lat' dir='ltr'>irae</span> <span class='ocrx_word' id='word_1_205' title='bbox 431 1941 573 1981; x_wconf 84' lang='lat' dir='ltr'>exitus</span> <span class='ocrx_word' id='word_1_206' title='bbox 598 1941 716 1980; x_wconf 85' lang='lat' dir='ltr'>furor</span> <span class='ocrx_word' id='word_1_207' title='bbox 740 1946 818 1989; x_wconf 90' lang='lat' dir='ltr'>est,</span> <span class='ocrx_word' id='word_1_208' title='bbox 845 1946 888 1981; x_wconf 90' lang='lat' dir='ltr'>et</span> <span class='ocrx_word' id='word_1_209' title='bbox 914 1942 1009 1982; x_wconf 88' lang='lat' dir='ltr'>ideo</span> <span class='ocrx_word' id='word_1_210' title='bbox 1035 1942 1096 1981; x_wconf 87' lang='lat' dir='ltr'>ira</span> <span class='ocrx_word' id='word_1_211' title='bbox 1122 1942 1303 1982; x_wconf 88' lang='lat' dir='ltr'>vitanda</span> <span class='ocrx_word' id='word_1_212' title='bbox 1329 1947 1393 1983; x_wconf 90' lang='lat' dir='ltr'>est</span> <span class='ocrx_word' id='word_1_213' title='bbox 1420 1956 1506 1983; x_wconf 94' lang='lat' dir='ltr'>non</span> 
     </span>
     <span class='ocr_line' id='line_1_28' title="bbox 111 2006 1107 2056; baseline 0.002 -11"><span class='ocrx_word' id='word_1_214' title='bbox 111 2006 418 2046; x_wconf 89' lang='lat' dir='ltr'>moderationis</span> <span class='ocrx_word' id='word_1_215' title='bbox 438 2019 579 2056; x_wconf 84' lang='lat' dir='ltr'>causa,</span> <span class='ocrx_word' id='word_1_216' title='bbox 600 2007 673 2047; x_wconf 91' lang='lat' dir='ltr'>sed</span> <span class='ocrx_word' id='word_1_217' title='bbox 695 2008 907 2048; x_wconf 79' lang='lat' dir='ltr'>sanitatis.</span> <span class='ocrx_word' id='word_1_218' title='bbox 968 2007 1107 2047; x_wconf 74' lang='lat' dir='ltr'>VALE.</span> 
     </span>
    </p>
   </div>
   <div class='ocr_carea' id='block_1_5' title="bbox 1544 360 1582 388">
    <p class='ocr_par' dir='ltr' id='par_1_6' title="bbox 1544 360 1582 388">
     <span class='ocr_line' id='line_1_29' title="bbox 1544 360 1582 388; baseline 0 0"><span class='ocrx_word' id='word_1_219' title='bbox 1544 360 1582 388; x_wconf 88' lang='lat'>12</span> 
     </span>
    </p>
   </div>
   <div class='ocr_carea' id='block_1_6' title="bbox 1541 829 1578 859">
    <p class='ocr_par' dir='ltr' id='par_1_7' title="bbox 1541 829 1578 859">
     <span class='ocr_line' id='line_1_30' title="bbox 1541 829 1578 859; baseline 0.027 -1"><span class='ocrx_word' id='word_1_220' title='bbox 1541 829 1578 859; x_wconf 90' lang='lat'>13</span> 
     </span>
    </p>
   </div>
   <div class='ocr_carea' id='block_1_7' title="bbox 1539 1155 1576 1185">
    <p class='ocr_par' dir='ltr' id='par_1_8' title="bbox 1539 1155 1576 1185">
     <span class='ocr_line' id='line_1_31' title="bbox 1539 1155 1576 1185; baseline 0.027 -1"><span class='ocrx_word' id='word_1_221' title='bbox 1539 1155 1576 1185; x_wconf 86' lang='lat'>14</span> 
     </span>
    </p>
   </div>
   <div class='ocr_carea' id='block_1_8' title="bbox 1537 1426 1574 1455">
    <p class='ocr_par' dir='ltr' id='par_1_9' title="bbox 1537 1426 1574 1455">
     <span class='ocr_line' id='line_1_32' title="bbox 1537 1426 1574 1455; baseline 0.027 -1"><span class='ocrx_word' id='word_1_222' title='bbox 1537 1426 1574 1455; x_wconf 89' lang='lat'>15</span> 
     </span>
    </p>
   </div>
  </div>
 </body>
</html>
