1667 2524
86 256 104 284 3

94 1850 113 1879 [Θ

132 123 187 164 88
571 128 610 160 L.
645 126 840 160 ANNAEI
874 125 1101 159 SENECAE

135 246 200 284 Da
236 259 425 296 operam,
449 259 500 286 ne
536 247 639 298 quid
669 260 877 299 umquam
914 249 1076 288 invitus
1111 249 1257 289 facias.
1318 249 1532 301 Quicquid

133 326 301 352 necesse
337 313 533 352 futurum
569 318 634 353 est
671 315 942 365 repugnanti,
981 315 1142 354 volenti
1180 316 1411 355 necessitas
1448 329 1533 355 non

132 383 210 418 est.
271 379 341 418 Ita
370 379 487 418 dico:
534 379 607 430 qui
637 380 817 430 imperia
848 380 983 420 libens
1012 381 1187 431 excipit,
1219 385 1389 432 partem
1420 395 1534 422 acer-

133 445 353 484 bissimam
385 445 606 485 servitutis
636 446 802 497 effugit,
834 447 972 487 facere
1003 448 1117 498 quod
1150 447 1270 487 nolit.
1332 447 1430 487 Non
1461 448 1533 499 qui

133 512 271 551 iussus
288 511 449 562 aliquid
467 512 586 560 facit,
605 513 732 552 miser
748 517 826 561 est,
845 513 917 553 sed
936 514 1009 564 qui
1027 514 1190 553 invitus
1206 514 1325 554 facit.
1377 514 1534 565 Itaque

133 578 192 617 sic
214 579 407 618 animum
436 591 760 629 componamus,
784 584 832 619 ut
861 580 1065 631 quicquid
1094 593 1158 620 res
1184 581 1341 631 exiget,
1363 581 1406 620 id
1434 580 1536 620 veli-

134 658 229 684 mus
254 649 297 684 et
324 645 366 684 in
393 645 541 695 primis
567 649 615 684 ut
643 645 771 685 finem
800 646 934 685 nostri
962 646 1051 686 sine
1078 646 1256 686 tristitia
1284 646 1533 697 cogitemus.

135 711 247 750 Ante
287 712 340 751 ad
381 716 564 751 mortem
604 725 735 763 quam
775 713 828 752 ad
870 712 1007 751 vitam
1047 712 1333 763 praeparandi
1372 724 1533 752 sumus.

135 777 248 817 Satis
272 778 483 817 instructa
508 778 599 817 vita
623 783 701 827 est,
727 779 799 818 sed
825 791 901 817 nos
925 779 967 817 in
991 779 1280 818 instrumenta
1303 778 1394 818 eius
1418 778 1535 818 avidi

135 856 302 882 sumus:
342 844 487 884 deesse
512 844 674 895 aliquid
700 844 823 884 nobis
847 845 1021 884 videtur
1043 849 1086 884 et
1110 857 1278 895 semper
1301 844 1533 884 videbitur.

138 909 197 949 Ut
219 910 324 950 satis
346 911 594 958 vixerimus,
619 924 694 950 nec
717 911 818 950 anni
842 924 917 950 nec
939 911 1029 950 dies
1051 910 1231 958 faciunt,
1255 911 1328 950 sed
1351 911 1534 950 animus.

137 975 248 1023 Vixi,
293 976 426 1015 Lucili
482 977 710 1025 carissime,
755 981 969 1028 quantum
1022 977 1128 1017 satis
1179 981 1294 1017 erat:
1351 981 1535 1017 mortem

137 1042 288 1093 plenus
310 1047 527 1093 exspecto.
588 1043 727 1083 VALE.

578 1209 865 1250 EPISTULA
902 1208 1099 1248 LXXIII

460 1320 641 1361 SENECA
672 1320 862 1360 Lucrino
893 1331 977 1359 suo
1008 1331 1217 1359 SALUTEM

194 1430 347 1470 Errare
397 1430 501 1470 mihi
551 1431 767 1479 videntur,
819 1431 891 1481 qui
941 1431 1194 1470 existimant
1243 1428 1538 1480 philosophiae

140 1496 321 1536 fideliter
361 1497 530 1537 deditos
573 1501 849 1537 contumaces
890 1509 979 1536 esse
1021 1509 1070 1535 ac
1112 1496 1397 1544 refractarios,
1442 1509 1539 1535 con-

140 1567 376 1613 temptores
410 1563 744 1613 magistratuum
779 1567 856 1602 aut
891 1575 1037 1613 regum
1071 1575 1288 1610 eorumve,
1324 1575 1399 1612 per
1432 1574 1540 1613 quos

140 1629 311 1680 publica
340 1630 713 1669 administrantur.
774 1629 842 1668 Ex
872 1629 1086 1668 contrario
1114 1629 1227 1668 enim
1257 1628 1360 1667 nulli
1389 1628 1540 1668 adver-

140 1708 211 1735 sus
260 1696 351 1735 illos
391 1696 597 1746 gratiores
641 1700 764 1735 sunt:
828 1708 904 1735 nec
950 1695 1178 1734 immerito.
1241 1694 1378 1733 Nullis
1426 1694 1539 1733 enim

141 1762 236 1812 plus
275 1767 498 1812 praestant
539 1775 669 1813 quam
709 1761 866 1813 quibus
905 1761 987 1801 frui
1028 1760 1260 1811 tranquillo
1300 1760 1388 1800 otio
1428 1760 1539 1799 licet.

143 1827 298 1879 Itaque
333 1829 375 1877 ii,
412 1828 569 1880 quibus
604 1828 790 1868 multum
827 1827 880 1867 ad
917 1827 1187 1878 propositum
1223 1826 1331 1866 bene
1366 1825 1541 1866 vivendi

143 1895 306 1934 confert
350 1895 556 1935 securitas
600 1894 785 1945 publica,
830 1907 998 1934 necesse
1041 1898 1106 1933 est
1149 1897 1371 1932 auctorem
1415 1891 1542 1931 huius

143 1960 243 2000 boni
284 1965 333 2000 ut
374 1966 597 2011 parentem
640 1960 796 2008 colant,
838 1959 976 2000 multo
1018 1959 1192 2010 quidem
1233 1959 1370 2009 magis
1410 1970 1542 2009 quam

143 2026 200 2066 illi
240 2027 420 2078 inquieti
459 2032 502 2067 et
541 2027 584 2066 in
623 2027 764 2067 medio
804 2026 947 2077 positi,
988 2026 1061 2077 qui
1101 2025 1238 2065 multa
1278 2023 1543 2076 principibus

142 2093 316 2142 debent,
353 2094 425 2133 sed
464 2093 602 2133 multa
638 2097 681 2133 et
719 2093 954 2143 imputant,
986 2092 1143 2143 quibus
1180 2104 1419 2142 numquam
1458 2090 1543 2129 iam

144 2160 267 2210 plene
312 2173 529 2200 occurrere
574 2160 660 2199 ulla
706 2159 939 2199 liberalitas
984 2163 1141 2209 potest,
1188 2162 1237 2198 ut
1283 2157 1544 2208 cupiditates

145 2226 328 2274 illorum,
361 2239 471 2277 quae
504 2230 713 2274 crescunt,
745 2226 850 2265 dum
882 2225 1129 2275 implentur,
1161 2224 1359 2264 exsatiet.
1421 2223 1544 2272 Quis-

145 2293 256 2344 quis,
280 2297 425 2332 autem
465 2293 518 2332 dc
557 2292 806 2343 accipiendo
846 2291 1021 2342 cogitat,
1062 2291 1222 2330 oblitus
1260 2290 1425 2341 accepti
1464 2293 1542 2329 est.
