1667 2524
75 993 92 1022 1

483 525 536 573 L.
583 525 832 572 ANNAEI
879 524 1164 573 SENECAE

493 651 562 686 AD
594 652 849 686 NERONEM
879 651 1150 686 CAESAREM

591 763 669 802 DE
709 762 1048 803 CLEMENTIA

729 872 874 912 LIBER
906 872 925 911 I

179 983 212 1023 Ι.
256 982 446 1024 Scribere
470 982 523 1022 de
545 982 785 1030 clementia,
808 981 920 1022 Nero
948 981 1116 1030 Caesar,
1138 982 1322 1030 institui,
1344 986 1394 1022 ut
1416 994 1521 1033 quo-

123 1050 225 1090 dam
247 1050 375 1089 modo
396 1049 555 1100 speculi
577 1049 669 1088 vice
690 1049 887 1098 fungerer
907 1053 950 1088 et
972 1052 1014 1088 te
1036 1048 1114 1088 tibi
1137 1048 1405 1088 ostenderem
1428 1061 1520 1098 per-

125 1120 356 1157 venturum
387 1116 441 1155 ad
473 1115 745 1166 voluptatem
776 1115 1012 1153 maximam
1044 1114 1250 1153 omnium.
1312 1114 1520 1162 Quamvis

123 1184 237 1224 enim
269 1187 381 1223 recte
412 1182 626 1222 factorum
658 1194 783 1221 verus
814 1181 980 1220 fructus
1010 1181 1066 1220 sit
1097 1181 1244 1220 fecisse
1276 1194 1352 1220 nec
1384 1180 1519 1219 ullum

124 1251 338 1290 virtutum
369 1248 555 1299 pretium
586 1248 764 1298 dignum
794 1247 875 1286 illis
905 1252 1027 1287 extra
1058 1247 1172 1297 ipsas
1203 1247 1272 1295 sit,
1305 1247 1427 1286 iuvat
1458 1247 1519 1285 in-

124 1318 283 1369 spicere
313 1320 356 1356 et
388 1315 606 1355 circumire
638 1314 796 1354 bonam
829 1314 1148 1361 conscientiam,
1167 1317 1261 1352 tum
1287 1313 1519 1353 immittere

125 1384 269 1424 oculos
320 1384 364 1422 in
417 1382 526 1421 hanc
579 1381 833 1421 immensam
886 1380 1211 1420 multitudinem
1265 1380 1518 1427 discordem,

125 1451 386 1497 seditiosam,
418 1449 715 1499 impotentem,
747 1448 790 1486 in
826 1447 1057 1498 perniciem
1092 1447 1275 1486 alienam
1312 1459 1520 1497 suamque

125 1518 285 1568 pariter
317 1516 645 1564 exsultaturam,
671 1516 704 1555 si
738 1515 817 1555 hoc
851 1516 999 1565 iugum
1032 1516 1218 1565 fregerit,
1242 1520 1274 1554 et
1308 1515 1369 1554 ita
1403 1514 1518 1565 loqui

126 1597 290 1624 secum:
331 1584 498 1633 ‘Egone
524 1596 577 1623 ex
602 1582 801 1622 omnibus
827 1581 1081 1621 mortalibus
1107 1581 1247 1632 placui
1274 1581 1518 1632 electusque

126 1664 235 1699 sum,
255 1651 327 1702 qui
347 1651 388 1689 in
408 1651 530 1690 terris
548 1650 725 1690 deorum
746 1650 837 1689 vice
856 1650 1083 1700 fungerer?
1143 1650 1233 1699 Ego
1253 1650 1368 1689 vitae
1388 1649 1519 1688 necis-

127 1731 209 1769 que
234 1717 432 1767 gentibus
458 1717 618 1757 arbiter
628 1730 636 1765 ;
679 1717 849 1768 qualem
877 1717 1056 1768 quisque
1083 1721 1241 1756 sortem
1268 1721 1519 1767 statumque

127 1784 299 1831 habeat,
320 1784 361 1822 in
381 1797 476 1823 mea
496 1797 626 1823 manu
646 1784 836 1834 positum
856 1789 941 1832 est3
978 1784 1079 1834 quid
1102 1784 1253 1834 cuique
1273 1784 1520 1831 mortalium

128 1851 320 1890 Fortuna
358 1851 511 1890 datum
551 1850 668 1899 velit,
708 1864 802 1891 meo
842 1864 912 1891 ore
951 1851 1205 1902 pronuntiat
1218 1864 1226 1899 ;
1281 1864 1334 1891 ex
1373 1855 1518 1890 nostro

128 1931 329 1968 responso
374 1917 563 1958 laetitiae
610 1931 759 1957 causas
804 1918 949 1968 populi
996 1918 1206 1969 urbesque
1254 1918 1520 1968 concipiunt;

128 1984 243 2024 nulla
282 1997 380 2035 pars
418 1998 602 2036 usquam
642 1985 721 2024 nisi
753 1984 924 2024 volente
961 1985 1234 2035 propitioque
1272 1997 1340 2023 me
1378 1984 1521 2031 floret;

128 2051 231 2091 haec
264 2055 331 2091 tot
364 2051 480 2091 milia
512 2051 764 2102 gladiorum,
799 2064 908 2102 quae
941 2064 1027 2101 pax
1059 2064 1154 2090 mea
1188 2051 1444 2101 comprimit,
1467 2050 1520 2090 ad

128 2122 284 2157 nutum
321 2131 465 2158 meum
503 2118 786 2168 stringentur;
840 2130 947 2168 quas
985 2118 1181 2156 nationes
1218 2117 1414 2157 funditus
1451 2130 1522 2156 ex-

130 2185 225 2234 cidi,
264 2198 371 2236 quas
409 2184 707 2235 transportari,
746 2184 902 2235 quibus
940 2183 1183 2223 libertatem
1221 2183 1327 2231 dari,
1367 2183 1523 2234 quibus

128 2252 247 2303 eripi,
276 2265 383 2303 quos
409 2265 525 2300 reges
551 2251 766 2301 mancipia
793 2250 881 2290 fieri
909 2262 1177 2301 quorumque
1205 2249 1334 2300 capiti
1362 2249 1523 2299 regium

131 2319 384 2360 circumdari
408 2318 538 2358 decus
562 2321 775 2368 oporteat,
801 2329 910 2367 quae
935 2320 1064 2356 ruant
1088 2315 1228 2364 urbes,
1253 2328 1363 2368 quae
1387 2316 1525 2355 orian-

809 2380 850 2414 38
