1667 2524
365 124 432 158 AD
465 124 730 158 POLYBIUM
764 123 831 157 DE
864 123 1249 158 CONSOLATIONE
1463 119 1513 160 17

111 243 304 284 cruciatu
341 243 609 283 desideratus
645 247 723 283 est.
785 241 897 292 Quid
934 243 1015 283 tibi
1052 243 1233 283 referam
1270 242 1512 293 Scipionem

112 310 378 358 Africanum,
401 309 469 349 cui
504 322 617 349 mors
651 309 796 349 fratris
830 309 873 348 in
903 309 1052 349 exsilio
1083 309 1287 349 nuntiata
1316 310 1412 349 est?
1472 310 1514 348 Is

110 377 256 425 frater,
299 376 372 427 qui
413 376 569 426 eripuit
611 376 788 416 fratrem
831 376 1000 424 carceri,
1043 389 1129 415 non
1170 375 1313 426 potuit
1354 375 1514 426 eripere

110 443 202 482 fato
214 456 223 491 ,·
259 447 301 482 et
324 455 455 493 quam
476 442 706 492 impatiens
727 442 829 481 iuris
851 442 975 493 aequi
998 442 1136 492 pietas
1158 440 1348 481 Africani
1369 442 1512 489 fuerit,

111 509 276 549 cunctis
307 508 530 559 apparuit:
576 509 727 548 eodem
758 508 872 548 enim
903 508 970 548 die
1002 508 1143 558 Scipio
1169 507 1408 556 Africanus,
1427 521 1512 559 quo

111 575 288 616 viatoris
338 575 537 615 manibus
588 575 764 615 fratrem
815 575 1069 623 abstulerat,
1119 574 1294 614 tribuno
1343 588 1514 626 quoque

111 642 245 693 plebis
278 642 474 692 privatus
507 641 762 681 intercessit.
824 642 931 680 Tam
967 654 1122 691 magno
1156 646 1303 681 tamen
1337 641 1514 681 fratrem

110 708 370 749 desideravit
404 708 470 748 hic
504 708 661 756 animo,
696 721 827 758 quam
859 708 1126 748 defenderat.
1189 708 1299 757 Quid
1334 708 1513 748 referam

112 774 399 815 Aemilianum
422 774 678 825 Scipionem,
702 774 775 825 qui
797 787 883 813 uno
906 787 1040 824 paene
1061 774 1299 825 eodemque
1321 779 1514 824 tempore

111 841 324 892 spectavit
355 841 490 891 patris
519 840 789 891 triumphum
819 841 1090 891 duorumque
1120 841 1303 880 fratrum
1333 841 1515 881 funera?

112 907 470 948 Adulescentulus
497 912 645 947 tamen
672 921 719 947 ac
748 908 1061 957 propemodum
1088 920 1194 957 puer
1219 912 1344 947 tanto
1371 907 1515 946 animo

111 974 211 1014 tulit
246 974 363 1013 illam
397 973 584 1013 familiae
618 987 719 1013 suae
753 986 881 1024 super
912 973 1054 1023 ipsum
1090 973 1211 1013 Pauli
1245 973 1515 1024 triumphum

112 1040 376 1081 concidentis
397 1040 586 1080 subitam
608 1039 878 1087 vastitatem,
901 1044 1067 1090 quanto
1087 1040 1237 1080 debuit
1259 1040 1367 1080 ferre
1388 1040 1453 1080 vir
1472 1040 1515 1079 in

112 1107 190 1147 hoc
219 1111 362 1155 natus,
391 1120 442 1147 ne
471 1106 566 1146 urbi
594 1107 818 1146 Romanae
846 1110 921 1146 aut
951 1106 1092 1157 Scipio
1119 1107 1284 1147 deesset
1313 1111 1388 1147 aut
1417 1107 1516 1146 Car-

111 1173 243 1223 thago
264 1178 516 1224 superesset.

167 1240 262 1279 XV.
308 1240 409 1290 [34]
450 1239 561 1289 Quid
625 1239 805 1280 referam
867 1240 1052 1280 duorum
1118 1239 1391 1280 Lucullorum
1453 1240 1515 1280 di-

112 1310 326 1356 remptam
357 1311 493 1346 morte
524 1306 829 1346 concordiam?
889 1306 1000 1355 Quid
1033 1306 1291 1356 Pompeios?
1350 1306 1516 1355 Quibus

112 1386 163 1412 ne
185 1372 263 1412 hoc
285 1372 459 1423 quidem
481 1372 675 1412 saeviens
696 1372 866 1423 reliquit
889 1373 1078 1421 fortuna,
1101 1377 1149 1412 ut
1170 1386 1257 1412 una
1277 1373 1515 1423 eademque

112 1439 383 1479 conciderent
411 1438 554 1478 ruina:
595 1438 704 1478 vixit
732 1439 889 1479 Sextus
916 1439 1145 1489 Pompeius
1171 1439 1357 1489 primum
1383 1439 1515 1478 sorori

111 1510 340 1556 superstes,
393 1505 512 1545 cuius
565 1510 702 1545 morte
755 1505 917 1555 optime
971 1504 1239 1545 cohaerentis
1292 1505 1515 1545 Romanae

111 1572 227 1622 pacis
258 1572 431 1612 vincula
462 1572 649 1612 resoluta
681 1576 796 1619 sunty
828 1571 1029 1622 idemque
1061 1571 1126 1611 hic
1159 1571 1268 1611 vixit
1300 1577 1516 1622 superstes

112 1638 277 1688 optimo
309 1638 446 1687 fratri,
480 1651 609 1689 quem
642 1638 818 1678 fortuna
849 1638 893 1677 in
927 1637 1004 1678 hoc
1037 1643 1256 1686 evexerat,
1290 1652 1341 1678 ne
1376 1638 1516 1677 minus

112 1705 196 1745 alte
220 1718 318 1745 eum
353 1705 551 1753 deiceret,
577 1718 708 1756 quam
734 1709 902 1755 patrem
927 1704 1160 1753 deiecerat;
1199 1709 1242 1745 et
1274 1709 1370 1755 post
1403 1704 1514 1744 hunc

111 1774 258 1811 tamen
293 1783 439 1810 casum
473 1771 629 1811 Sextus
664 1771 894 1821 Pompeius
928 1784 1014 1809 non
1048 1775 1223 1811 tantum
1257 1771 1407 1819 dolori,
1441 1771 1514 1811 sed

111 1836 243 1876 etiam
290 1837 400 1877 bello
447 1837 628 1878 suffecit.
692 1837 1031 1878 Innumerabilia
1078 1837 1269 1888 undique
1317 1837 1515 1887 exempla

111 1908 408 1954 separatorum
455 1908 591 1944 morte
638 1904 822 1944 fratrum
868 1908 1138 1951 succurrunt,
1185 1904 1318 1943 immo
1365 1907 1515 1943 contra

111 1969 185 2009 vix
209 1970 295 2010 ulla
320 1983 529 2021 umquam
556 1970 708 2010 horum
735 1970 855 2021 paria
881 1975 1112 2020 conspecta
1137 1974 1238 2010 sunt
1264 1983 1351 2009 una
1376 1983 1515 2010 senes-

113 2036 252 2076 centia
263 2050 271 2085 ;
338 2037 411 2077 sed
463 2041 693 2077 contentus
744 2042 915 2077 nostrae
966 2037 1121 2076 domus
1171 2036 1378 2086 exemplis
1428 2049 1512 2076 ero.

113 2102 249 2142 Nemo
277 2103 390 2143 enirn
420 2108 512 2143 tarn
542 2116 693 2154 expers
722 2103 801 2143 erit
832 2116 980 2143 sensus
1010 2117 1057 2143 ac
1089 2102 1303 2160 sanitatis,
1334 2106 1382 2142 ut
1414 2103 1516 2141 For-

111 2172 264 2208 tunam
295 2169 370 2208 ulli
402 2174 609 2220 queratur
640 2169 805 2209 luctum
838 2169 1046 2217 intulisse,
1081 2182 1212 2220 quam
1245 2169 1349 2209 sciet
1382 2168 1514 2209 etiam

111 2235 340 2275 Caesarum
378 2236 575 2275 lacrimas
612 2235 873 2286 concupisse.
937 2235 1074 2275 Divus
1111 2236 1333 2292 AAEgESQS
1371 2235 1514 2274 amisit

113 2301 340 2342 Octaviam
379 2315 566 2342 sororem
606 2302 870 2342 carissimam
908 2307 951 2342 et
991 2315 1043 2342 ne
1081 2301 1120 2341 ei
1159 2290 1514 2352 quidem-”ferum
1561 2292 1567 2293 .

332 2356 417 2399 οων.
427 2356 487 2366 u
