1667 2524
84 681 120 709 10

84 1016 119 1043 11

84 1212 120 1240 12

104 2144 121 2171 [0

148 149 202 189 96
590 150 629 183 L.
664 151 857 184 ANNAEI
892 153 1118 186 SENECAE

147 276 195 311 ut
238 271 297 311 ait
341 270 574 311 Lucretius.
637 270 793 310 Omnia
834 275 979 310 autem
1022 270 1118 318 ista,
1162 283 1272 321 quae
1313 270 1417 319 dixi,
1460 284 1546 310 non

149 342 367 377 mutarent
415 350 582 387 corpus,
630 337 709 376 nisi
755 341 1002 387 tangerent:
1063 350 1162 387 ergo
1209 349 1386 387 corpora
1431 341 1545 377 sunt.

149 404 294 444 Etiam
317 417 428 443 nunc
452 403 518 443 cui
547 408 673 443 tanta
701 403 765 443 vis
792 408 870 451 est,
893 408 940 443 ut
970 403 1163 453 impellat
1191 408 1233 443 et
1263 408 1387 453 cogat
1414 408 1457 443 et
1486 416 1548 443 re-

148 471 284 511 tineat
317 474 359 510 et
392 469 600 517 inhibeat,
634 482 786 519 corpus
818 473 895 509 est.
958 469 1068 518 Quid
1101 471 1231 519 ergo?
1291 470 1387 508 Non
1418 469 1548 509 timor

147 537 334 577 retinet?
394 537 490 575 Non
512 535 693 575 audacia
716 535 926 586 impellit?
986 536 1082 575 Non
1109 535 1321 575 fortitudo
1347 535 1542 575 immittit

146 608 189 643 et
223 604 434 653 impetum
468 602 576 642 dat?
636 603 731 641 Non
767 601 1005 642 moderatio
1039 602 1224 641 refrenat
1260 616 1307 642 ac
1342 603 1548 642 revocat?

149 670 245 709 Non
269 668 474 719 gaudium
499 668 700 712 extollit?
760 669 856 707 Non
881 668 1060 708 tristitia
1085 668 1293 708 adducit?
1353 668 1548 719 Denique

148 735 351 786 quicquid
400 734 595 783 facimus,
646 739 721 774 aut
772 734 960 774 malitiae
1009 738 1085 774 aut
1134 734 1309 774 virtutis
1363 734 1548 784 gerimus

147 802 346 853 imperio:
398 802 512 852 quod
550 801 734 852 imperat
772 801 951 851 corpori,
989 814 1142 851 corpus
1177 806 1256 849 est,
1294 801 1409 852 quod
1446 801 1534 841 vim

148 869 312 919 corpori
367 868 521 916 adfert,
577 881 742 918 corpus.
806 868 976 907 Bonum
1031 868 1218 918 corporis
1272 867 1547 918 corporalest,

148 936 309 975 bonum
338 934 521 974 hominis
548 938 590 974 et
620 934 806 985 corporis
834 934 996 973 bonum
1024 938 1110 974 est:
1154 935 1302 985 itaque
1331 934 1548 984 corporale

146 1007 224 1042 est.
286 1002 514 1051 Quoniam,
547 1006 596 1041 ut
630 1001 818 1049 voluisti,
853 1014 1014 1041 morem
1046 1001 1153 1051 gessi
1187 1001 1280 1049 tibi,
1314 1014 1426 1041 nunc
1459 1001 1548 1051 ipse

147 1069 287 1109 dicam
329 1068 445 1117 mihi,
473 1069 588 1119 quod
628 1068 846 1108 dicturum
885 1081 975 1108 esse
1014 1072 1056 1107 te
1096 1068 1242 1107 video:
1297 1067 1548 1107 latrunculis

148 1135 346 1175 ludimus.
409 1135 460 1173 In
491 1134 768 1185 supervacuis
800 1134 1019 1174 subtilitas
1050 1134 1225 1174 teritur:
1265 1147 1351 1173 non
1382 1133 1547 1174 faciunt

147 1202 282 1241 bonos
317 1201 414 1249 ista,
450 1201 522 1241 sed
559 1201 722 1241 doctos.
784 1200 984 1251 Apertior
1018 1214 1083 1240 res
1118 1204 1181 1240 est
1218 1213 1380 1250 sapere,
1416 1200 1548 1239 immo

147 1267 396 1318 simpliciter
425 1267 560 1307 satius
590 1271 654 1307 est
686 1267 739 1307 ad
772 1271 960 1307 mentem
990 1266 1150 1306 bonam
1180 1266 1245 1306 uti
1276 1266 1443 1315 litteris,
1474 1267 1547 1306 sed

148 1348 224 1374 nos
256 1338 305 1374 ut
340 1338 480 1374 cetera
513 1334 555 1373 in
589 1347 904 1384 supervacuum
938 1333 1235 1381 diffundimus,
1269 1333 1332 1372 ita
1365 1332 1549 1384 philoso-

147 1400 293 1451 phiam
331 1400 482 1451 ipsam.
543 1400 919 1449 Quemadmodum
958 1399 1150 1439 omnium
1188 1412 1344 1448 rerum,
1383 1400 1440 1439 sic
1478 1399 1547 1439 lit-

147 1471 336 1507 terarum
378 1479 548 1517 quoque
589 1466 924 1517 intemperantia
965 1465 1232 1506 laboramus:
1289 1479 1375 1505 non
1416 1465 1547 1515 vitae,

147 1534 220 1574 sed
254 1532 423 1573 scholae
456 1533 672 1573 discimus.
734 1533 873 1572 VALE.

631 1677 916 1717 EPISTULA
956 1677 1072 1717 CXV

470 1772 651 1812 SENECA
684 1772 872 1811 LUCILIO
904 1784 989 1811 suo
1021 1784 1230 1812 SALUTEM

206 1866 342 1906 Nimis
365 1866 542 1905 anxium
565 1879 655 1906 esse
678 1870 720 1906 te
744 1866 854 1906 circa
877 1866 1009 1906 verba
1031 1870 1073 1906 et
1098 1866 1467 1917 compositionem,
1492 1865 1549 1905 mi

152 1932 298 1980 Lucili,
335 1933 453 1972 nolo:
505 1932 643 1972 habeo
679 1932 853 1981 maiora,
891 1946 1000 1983 quae
1037 1946 1168 1972 cures.
1231 1932 1409 1981 Quaere,
1445 1931 1548 1983 quid

149 1999 322 2047 scribas,
371 2012 456 2037 non
504 1999 885 2049 quemadmodum.
947 1999 1004 2038 Et
1053 1998 1131 2038 hoe
1179 1999 1319 2049 ipsum
1367 2011 1453 2037 non
1499 2002 1549 2038 ut

149 2065 322 2113 scribas,
354 2065 426 2104 sed
459 2069 507 2104 ut
539 2065 713 2114 sentias,
746 2070 793 2104 ut
826 2065 910 2113 illa,
943 2078 1053 2116 quae
1085 2065 1277 2114 senseris,
1312 2064 1445 2115 magis
1477 2064 1551 2104 ad—

150 2131 278 2180 plices
330 2131 409 2170 tibi
461 2135 504 2171 et
557 2131 676 2171 velut
729 2131 880 2181 signes.
941 2131 1258 2182 Cuiuscumque
1311 2131 1549 2171 orationem

150 2197 305 2236 videris
337 2197 563 2237 sollicitam
595 2202 637 2237 et
670 2197 865 2248 politam,
898 2197 1005 2237 scito
1037 2197 1229 2237 animum
1262 2210 1433 2248 quoque
1464 2209 1550 2236 non

152 2263 290 2302 minus
331 2277 421 2302 esse
463 2264 626 2313 pusillis
668 2268 941 2314 occupatum.
1004 2264 1184 2315 Magnus
1226 2263 1293 2303 ille
1336 2263 1551 2303 remissius

150 2329 341 2380 loquitur
384 2334 426 2369 et
472 2330 680 2380 securius;
741 2343 1038 2385 quaecumque
1083 2330 1202 2379 dicit,
1249 2330 1344 2381 plus
1389 2329 1550 2370 habent
