<?xml version="1.0" encoding="UTF-8"?>
<!DOCTYPE html PUBLIC "-//W3C//DTD XHTML 1.0 Transitional//EN"
    "http://www.w3.org/TR/xhtml1/DTD/xhtml1-transitional.dtd">
<html xmlns="http://www.w3.org/1999/xhtml" xml:lang="en" lang="en">
 <head>
  <title>
</title>
<meta http-equiv="Content-Type" content="text/html;charset=utf-8" />
  <meta name='ocr-system' content='tesseract 3.04.00' />
  <meta name='ocr-capabilities' content='ocr_page ocr_carea ocr_par ocr_line ocrx_word'/>
</head>
<body>
  <div class='ocr_page' id='page_1' title='image "./selectedessayssa00seneuoft_0134.png"; bbox 0 0 1667 2524; ppageno 0'>
   <div class='ocr_carea' id='block_1_1' title="bbox 151 135 1131 178">
    <p class='ocr_par' dir='ltr' id='par_1_1' title="bbox 151 135 1131 178">
     <span class='ocr_line' id='line_1_1' title="bbox 151 135 1131 178; baseline -0.008 -1"><span class='ocrx_word' id='word_1_1' title='bbox 151 136 208 178; x_wconf 84' lang='lat'>94</span> <span class='ocrx_word' id='word_1_2' title='bbox 591 138 630 171; x_wconf 85' lang='lat' dir='ltr'>L.</span> <span class='ocrx_word' id='word_1_3' title='bbox 667 138 863 171; x_wconf 83' lang='lat' dir='ltr'>ANNAEI</span> <span class='ocrx_word' id='word_1_4' title='bbox 896 135 1131 174; x_wconf 24' lang='lat' dir='ltr'>SENECAE*</span> 
     </span>
    </p>
   </div>
   <div class='ocr_carea' id='block_1_2' title="bbox 106 259 1563 1300">
    <p class='ocr_par' dir='ltr' id='par_1_2' title="bbox 151 259 1554 444">
     <span class='ocr_line' id='line_1_2' title="bbox 151 259 1550 311; baseline 0.002 -12"><span class='ocrx_word' id='word_1_5' title='bbox 151 260 355 300; x_wconf 89' lang='lat' dir='ltr'>diurnum</span> <span class='ocrx_word' id='word_1_6' title='bbox 373 259 543 311; x_wconf 87' lang='lat' dir='ltr'>accipit,</span> <span class='ocrx_word' id='word_1_7' title='bbox 561 260 604 299; x_wconf 92' lang='lat' dir='ltr'>in</span> <span class='ocrx_word' id='word_1_8' title='bbox 631 260 888 300; x_wconf 83' lang='lat' dir='ltr'>centunculo</span> <span class='ocrx_word' id='word_1_9' title='bbox 909 260 1082 300; x_wconf 89' lang='lat' dir='ltr'>dormit.</span> <span class='ocrx_word' id='word_1_10' title='bbox 1124 260 1246 300; x_wconf 84' lang='lat' dir='ltr'>Idem</span> <span class='ocrx_word' id='word_1_11' title='bbox 1267 260 1319 301; x_wconf 94' lang='lat' dir='ltr'>de</span> <span class='ocrx_word' id='word_1_12' title='bbox 1340 259 1433 301; x_wconf 88' lang='lat' dir='ltr'>istis</span> <span class='ocrx_word' id='word_1_13' title='bbox 1453 260 1550 302; x_wconf 87' lang='lat' dir='ltr'>licet</span> 
     </span>
     <span class='ocr_line' id='line_1_3' title="bbox 152 326 1553 378; baseline 0.001 -12"><span class='ocrx_word' id='word_1_14' title='bbox 152 326 351 366; x_wconf 90' lang='lat' dir='ltr'>omnibus</span> <span class='ocrx_word' id='word_1_15' title='bbox 371 326 503 375; x_wconf 89' lang='lat' dir='ltr'>dicas,</span> <span class='ocrx_word' id='word_1_16' title='bbox 526 339 634 378; x_wconf 90' lang='lat' dir='ltr'>quos</span> <span class='ocrx_word' id='word_1_17' title='bbox 655 339 785 377; x_wconf 90' lang='lat' dir='ltr'>supra</span> <span class='ocrx_word' id='word_1_18' title='bbox 806 326 951 377; x_wconf 81' lang='lat' dir='ltr'>capita</span> <span class='ocrx_word' id='word_1_19' title='bbox 976 326 1200 366; x_wconf 91' lang='lat' dir='ltr'>hominum</span> <span class='ocrx_word' id='word_1_20' title='bbox 1225 339 1439 378; x_wconf 82' lang='lat' dir='ltr'>supraque</span> <span class='ocrx_word' id='word_1_21' title='bbox 1464 332 1553 368; x_wconf 87' lang='lat' dir='ltr'>tur-</span> 
     </span>
     <span class='ocr_line' id='line_1_4' title="bbox 151 393 1554 444; baseline 0.001 -11"><span class='ocrx_word' id='word_1_22' title='bbox 151 393 252 433; x_wconf 86' lang='lat' dir='ltr'>bam</span> <span class='ocrx_word' id='word_1_23' title='bbox 266 393 473 433; x_wconf 85' lang='lat' dir='ltr'>delicatos</span> <span class='ocrx_word' id='word_1_24' title='bbox 487 393 638 433; x_wconf 81' lang='lat' dir='ltr'>lectica</span> <span class='ocrx_word' id='word_1_25' title='bbox 652 393 873 443; x_wconf 83' lang='lat' dir='ltr'>suspendit</span> <span class='ocrx_word' id='word_1_26' title='bbox 889 406 897 432; x_wconf 78' lang='lat' dir='ltr'><em>z</em></span> <span class='ocrx_word' id='word_1_27' title='bbox 923 393 1114 432; x_wconf 90' lang='lat' dir='ltr'>omnium</span> <span class='ocrx_word' id='word_1_28' title='bbox 1129 393 1310 433; x_wconf 87' lang='lat' dir='ltr'>istorum</span> <span class='ocrx_word' id='word_1_29' title='bbox 1324 398 1554 444; x_wconf 89' lang='lat' dir='ltr'>personata</span> 
     </span>
    </p>

    <p class='ocr_par' dir='ltr' id='par_1_3' title="bbox 107 459 1558 842">
     <span class='ocr_line' id='line_1_5' title="bbox 107 459 1554 512; baseline 0.001 -13"><span class='ocrx_word' id='word_1_30' title='bbox 107 473 126 503; x_wconf 86' lang='lat'>9</span> <span class='ocrx_word' id='word_1_31' title='bbox 152 459 333 499; x_wconf 80' lang='lat' dir='ltr'>felicitas</span> <span class='ocrx_word' id='word_1_32' title='bbox 364 464 442 499; x_wconf 88' lang='lat' dir='ltr'>est.</span> <span class='ocrx_word' id='word_1_33' title='bbox 503 459 762 499; x_wconf 86' lang='lat' dir='ltr'>Contemnes</span> <span class='ocrx_word' id='word_1_34' title='bbox 796 459 903 508; x_wconf 88' lang='lat' dir='ltr'>illos,</span> <span class='ocrx_word' id='word_1_35' title='bbox 936 459 970 499; x_wconf 92' lang='lat' dir='ltr'>si</span> <span class='ocrx_word' id='word_1_36' title='bbox 1003 459 1320 510; x_wconf 86' lang='lat' dir='ltr'>despoliaveris.</span> <span class='ocrx_word' id='word_1_37' title='bbox 1380 460 1554 512; x_wconf 88' lang='lat' dir='ltr'>Equum</span> 
     </span>
     <span class='ocr_line' id='line_1_6' title="bbox 151 525 1556 577; baseline 0 -11"><span class='ocrx_word' id='word_1_38' title='bbox 151 530 377 577; x_wconf 90' lang='lat' dir='ltr'>empturus</span> <span class='ocrx_word' id='word_1_39' title='bbox 407 525 514 566; x_wconf 90' lang='lat' dir='ltr'>solvi</span> <span class='ocrx_word' id='word_1_40' title='bbox 536 526 656 566; x_wconf 91' lang='lat' dir='ltr'>iubes</span> <span class='ocrx_word' id='word_1_41' title='bbox 678 530 880 574; x_wconf 83' lang='lat' dir='ltr'>stratum,</span> <span class='ocrx_word' id='word_1_42' title='bbox 902 525 1093 566; x_wconf 82' lang='lat' dir='ltr'>detrahis</span> <span class='ocrx_word' id='word_1_43' title='bbox 1114 525 1376 567; x_wconf 86' lang='lat' dir='ltr'>vestimenta</span> <span class='ocrx_word' id='word_1_44' title='bbox 1397 526 1556 567; x_wconf 85' lang='lat' dir='ltr'>venali-</span> 
     </span>
     <span class='ocr_line' id='line_1_7' title="bbox 152 591 1555 643; baseline 0 -11"><span class='ocrx_word' id='word_1_45' title='bbox 152 593 247 640; x_wconf 90' lang='lat' dir='ltr'>bus,</span> <span class='ocrx_word' id='word_1_46' title='bbox 280 605 332 632; x_wconf 91' lang='lat' dir='ltr'>ne</span> <span class='ocrx_word' id='word_1_47' title='bbox 365 605 451 643; x_wconf 89' lang='lat' dir='ltr'>qua</span> <span class='ocrx_word' id='word_1_48' title='bbox 481 592 589 632; x_wconf 85' lang='lat' dir='ltr'>vitia</span> <span class='ocrx_word' id='word_1_49' title='bbox 621 592 808 642; x_wconf 90' lang='lat' dir='ltr'>corporis</span> <span class='ocrx_word' id='word_1_50' title='bbox 839 591 1026 632; x_wconf 88' lang='lat' dir='ltr'>lateant:</span> <span class='ocrx_word' id='word_1_51' title='bbox 1063 591 1280 633; x_wconf 90' lang='lat' dir='ltr'>hominem</span> <span class='ocrx_word' id='word_1_52' title='bbox 1310 593 1555 633; x_wconf 87' lang='lat' dir='ltr'>involutum</span> 
     </span>
     <span class='ocr_line' id='line_1_8' title="bbox 154 658 1557 710; baseline 0 -12"><span class='ocrx_word' id='word_1_53' title='bbox 154 658 387 699; x_wconf 80' lang='lat' dir='ltr'>aestimas?</span> <span class='ocrx_word' id='word_1_54' title='bbox 427 659 660 709; x_wconf 79' lang='lat' dir='ltr'>Mangones</span> <span class='ocrx_word' id='word_1_55' title='bbox 682 658 886 709; x_wconf 91' lang='lat' dir='ltr'>quicquid</span> <span class='ocrx_word' id='word_1_56' title='bbox 914 663 994 707; x_wconf 88' lang='lat' dir='ltr'>est,</span> <span class='ocrx_word' id='word_1_57' title='bbox 1013 659 1128 709; x_wconf 89' lang='lat' dir='ltr'>quod</span> <span class='ocrx_word' id='word_1_58' title='bbox 1156 659 1395 710; x_wconf 81' lang='lat' dir='ltr'>displiceat,</span> <span class='ocrx_word' id='word_1_59' title='bbox 1414 659 1557 710; x_wconf 90' lang='lat' dir='ltr'>aliquo</span> 
     </span>
     <span class='ocr_line' id='line_1_9' title="bbox 154 724 1558 776; baseline 0 -11"><span class='ocrx_word' id='word_1_60' title='bbox 154 725 363 766; x_wconf 88' lang='lat' dir='ltr'>lenocinio</span> <span class='ocrx_word' id='word_1_61' title='bbox 393 725 680 773; x_wconf 87' lang='lat' dir='ltr'>abscondunt,</span> <span class='ocrx_word' id='word_1_62' title='bbox 716 724 864 775; x_wconf 87' lang='lat' dir='ltr'>itaque</span> <span class='ocrx_word' id='word_1_63' title='bbox 898 725 1142 765; x_wconf 85' lang='lat' dir='ltr'>ementibus</span> <span class='ocrx_word' id='word_1_64' title='bbox 1177 730 1432 766; x_wconf 86' lang='lat' dir='ltr'>ornamenta</span> <span class='ocrx_word' id='word_1_65' title='bbox 1465 725 1558 776; x_wconf 91' lang='lat' dir='ltr'>ipsa</span> 
     </span>
     <span class='ocr_line' id='line_1_10' title="bbox 155 791 1557 842; baseline 0 -11"><span class='ocrx_word' id='word_1_66' title='bbox 155 795 355 842; x_wconf 88' lang='lat' dir='ltr'>suspecta</span> <span class='ocrx_word' id='word_1_67' title='bbox 365 796 487 831; x_wconf 87' lang='lat' dir='ltr'>sunt:</span> <span class='ocrx_word' id='word_1_68' title='bbox 510 791 599 831; x_wconf 87' lang='lat' dir='ltr'>sive</span> <span class='ocrx_word' id='word_1_69' title='bbox 612 803 705 830; x_wconf 89' lang='lat' dir='ltr'>crus</span> <span class='ocrx_word' id='word_1_70' title='bbox 721 791 945 841; x_wconf 78' lang='lat' dir='ltr'>alligatum</span> <span class='ocrx_word' id='word_1_71' title='bbox 961 791 1050 831; x_wconf 92' lang='lat' dir='ltr'>sive</span> <span class='ocrx_word' id='word_1_72' title='bbox 1065 791 1289 832; x_wconf 88' lang='lat' dir='ltr'>brachium</span> <span class='ocrx_word' id='word_1_73' title='bbox 1305 791 1557 842; x_wconf 86' lang='lat' dir='ltr'>adspiceres,</span> 
     </span>
    </p>

    <p class='ocr_par' dir='ltr' id='par_1_4' title="bbox 106 857 1563 1300">
     <span class='ocr_line' id='line_1_11' title="bbox 106 857 1558 908; baseline 0 -11"><span class='ocrx_word' id='word_1_74' title='bbox 106 873 144 902; x_wconf 94' lang='lat'>10</span> <span class='ocrx_word' id='word_1_75' title='bbox 156 858 309 898; x_wconf 90' lang='lat' dir='ltr'>nudari</span> <span class='ocrx_word' id='word_1_76' title='bbox 332 858 498 898; x_wconf 90' lang='lat' dir='ltr'>iuberes</span> <span class='ocrx_word' id='word_1_77' title='bbox 528 863 570 898; x_wconf 89' lang='lat' dir='ltr'>et</span> <span class='ocrx_word' id='word_1_78' title='bbox 602 858 743 908; x_wconf 90' lang='lat' dir='ltr'>ipsum</span> <span class='ocrx_word' id='word_1_79' title='bbox 775 857 855 898; x_wconf 92' lang='lat' dir='ltr'>tibi</span> <span class='ocrx_word' id='word_1_80' title='bbox 876 871 1028 908; x_wconf 90' lang='lat' dir='ltr'>corpus</span> <span class='ocrx_word' id='word_1_81' title='bbox 1049 858 1230 898; x_wconf 84' lang='lat' dir='ltr'>ostendi.</span> <span class='ocrx_word' id='word_1_82' title='bbox 1292 858 1420 899; x_wconf 88' lang='lat' dir='ltr'>Vides</span> <span class='ocrx_word' id='word_1_83' title='bbox 1439 858 1558 898; x_wconf 90' lang='lat' dir='ltr'>illum</span> 
     </span>
     <span class='ocr_line' id='line_1_12' title="bbox 156 924 1559 975; baseline -0.001 -10"><span class='ocrx_word' id='word_1_84' title='bbox 156 924 358 975; x_wconf 83' lang='lat' dir='ltr'>Scythiae</span> <span class='ocrx_word' id='word_1_85' title='bbox 389 924 683 965; x_wconf 84' lang='lat' dir='ltr'>Sarmatiaeve</span> <span class='ocrx_word' id='word_1_86' title='bbox 706 937 845 975; x_wconf 80' lang='lat' dir='ltr'>regem</span> <span class='ocrx_word' id='word_1_87' title='bbox 866 924 1020 975; x_wconf 83' lang='lat' dir='ltr'>insigni</span> <span class='ocrx_word' id='word_1_88' title='bbox 1042 924 1195 975; x_wconf 88' lang='lat' dir='ltr'>capitis</span> <span class='ocrx_word' id='word_1_89' title='bbox 1225 925 1459 965; x_wconf 85' lang='lat' dir='ltr'>decorum?</span> <span class='ocrx_word' id='word_1_90' title='bbox 1517 924 1559 965; x_wconf 82' lang='lat' dir='ltr'>Si</span> 
     </span>
     <span class='ocr_line' id='line_1_13' title="bbox 157 991 1560 1042; baseline -0.002 -10"><span class='ocrx_word' id='word_1_91' title='bbox 157 991 222 1032; x_wconf 83' lang='lat' dir='ltr'>vis</span> <span class='ocrx_word' id='word_1_92' title='bbox 264 991 384 1031; x_wconf 90' lang='lat' dir='ltr'>illum</span> <span class='ocrx_word' id='word_1_93' title='bbox 422 991 648 1032; x_wconf 85' lang='lat' dir='ltr'>aestimare</span> <span class='ocrx_word' id='word_1_94' title='bbox 685 996 916 1042; x_wconf 85' lang='lat' dir='ltr'>totumque</span> <span class='ocrx_word' id='word_1_95' title='bbox 953 991 1071 1039; x_wconf 91' lang='lat' dir='ltr'>scire,</span> <span class='ocrx_word' id='word_1_96' title='bbox 1100 991 1238 1042; x_wconf 92' lang='lat' dir='ltr'>qualis</span> <span class='ocrx_word' id='word_1_97' title='bbox 1274 991 1344 1040; x_wconf 77' lang='lat' dir='ltr'>sit,</span> <span class='ocrx_word' id='word_1_98' title='bbox 1382 991 1560 1032; x_wconf 85' lang='lat' dir='ltr'>fasciam</span> 
     </span>
     <span class='ocr_line' id='line_1_14' title="bbox 157 1057 1562 1116; baseline -0.001 -19"><span class='ocrx_word' id='word_1_99' title='bbox 157 1058 295 1098; x_wconf 89' lang='lat' dir='ltr'>solve:</span> <span class='ocrx_word' id='word_1_100' title='bbox 323 1058 508 1098; x_wconf 91' lang='lat' dir='ltr'>multum</span> <span class='ocrx_word' id='word_1_101' title='bbox 531 1058 631 1098; x_wconf 90' lang='lat' dir='ltr'>mali</span> <span class='ocrx_word' id='word_1_102' title='bbox 652 1058 731 1098; x_wconf 91' lang='lat' dir='ltr'>sub</span> <span class='ocrx_word' id='word_1_103' title='bbox 753 1058 823 1097; x_wconf 90' lang='lat' dir='ltr'>illa</span> <span class='ocrx_word' id='word_1_104' title='bbox 844 1058 964 1098; x_wconf 86' lang='lat' dir='ltr'>latet.</span> <span class='ocrx_word' id='word_1_105' title='bbox 1013 1057 1137 1116; x_wconf 44' lang='lat' dir='ltr'>’Quid</span> <span class='ocrx_word' id='word_1_106' title='bbox 1165 1058 1218 1098; x_wconf 91' lang='lat' dir='ltr'>de</span> <span class='ocrx_word' id='word_1_107' title='bbox 1254 1058 1346 1098; x_wconf 88' lang='lat' dir='ltr'>aliis</span> <span class='ocrx_word' id='word_1_108' title='bbox 1380 1058 1562 1109; x_wconf 82' lang='lat' dir='ltr'>loquor?</span> 
     </span>
     <span class='ocr_line' id='line_1_15' title="bbox 159 1123 1563 1175; baseline -0.001 -10"><span class='ocrx_word' id='word_1_109' title='bbox 159 1124 201 1166; x_wconf 83' lang='lat' dir='ltr'>Si</span> <span class='ocrx_word' id='word_1_110' title='bbox 232 1125 493 1175; x_wconf 90' lang='lat' dir='ltr'>perpendere</span> <span class='ocrx_word' id='word_1_111' title='bbox 524 1128 567 1165; x_wconf 87' lang='lat' dir='ltr'>te</span> <span class='ocrx_word' id='word_1_112' title='bbox 600 1124 731 1173; x_wconf 76' lang='lat' dir='ltr'>voles,</span> <span class='ocrx_word' id='word_1_113' title='bbox 753 1137 910 1175; x_wconf 90' lang='lat' dir='ltr'>sepone</span> <span class='ocrx_word' id='word_1_114' title='bbox 942 1124 1183 1175; x_wconf 86' lang='lat' dir='ltr'>pecuniam,</span> <span class='ocrx_word' id='word_1_115' title='bbox 1211 1124 1404 1173; x_wconf 88' lang='lat' dir='ltr'>domum,</span> <span class='ocrx_word' id='word_1_116' title='bbox 1426 1123 1563 1174; x_wconf 84' lang='lat' dir='ltr'>digni-</span> 
     </span>
     <span class='ocr_line' id='line_1_16' title="bbox 159 1189 1563 1242; baseline -0.001 -10"><span class='ocrx_word' id='word_1_117' title='bbox 159 1195 312 1241; x_wconf 84' lang='lat' dir='ltr'>tatem,</span> <span class='ocrx_word' id='word_1_118' title='bbox 354 1191 471 1231; x_wconf 91' lang='lat' dir='ltr'>intus</span> <span class='ocrx_word' id='word_1_119' title='bbox 512 1195 556 1231; x_wconf 90' lang='lat' dir='ltr'>te</span> <span class='ocrx_word' id='word_1_120' title='bbox 597 1191 686 1242; x_wconf 91' lang='lat' dir='ltr'>ipse</span> <span class='ocrx_word' id='word_1_121' title='bbox 728 1191 970 1231; x_wconf 86' lang='lat' dir='ltr'>considera:</span> <span class='ocrx_word' id='word_1_122' title='bbox 1028 1204 1141 1231; x_wconf 90' lang='lat' dir='ltr'>nunc</span> <span class='ocrx_word' id='word_1_123' title='bbox 1184 1190 1323 1242; x_wconf 86' lang='lat' dir='ltr'>qualis</span> <span class='ocrx_word' id='word_1_124' title='bbox 1363 1190 1433 1240; x_wconf 88' lang='lat' dir='ltr'>sis,</span> <span class='ocrx_word' id='word_1_125' title='bbox 1470 1189 1563 1230; x_wconf 86' lang='lat' dir='ltr'>aliis</span> 
     </span>
     <span class='ocr_line' id='line_1_17' title="bbox 160 1258 509 1300; baseline -0.009 0"><span class='ocrx_word' id='word_1_126' title='bbox 160 1258 309 1300; x_wconf 91' lang='lat' dir='ltr'>credis.</span> <span class='ocrx_word' id='word_1_127' title='bbox 370 1258 406 1298; x_wconf 90' lang='lat' dir='ltr'>V</span> <span class='ocrx_word' id='word_1_128' title='bbox 410 1270 509 1298; x_wconf 56' lang='grc' dir='ltr'><strong>ΑΒΕ.</strong></span> 
     </span>
    </p>
   </div>
   <div class='ocr_carea' id='block_1_3' title="bbox 481 1345 1249 1476">
    <p class='ocr_par' dir='ltr' id='par_1_5' title="bbox 481 1345 1249 1476">
     <span class='ocr_line' id='line_1_18' title="bbox 656 1345 1076 1387; baseline -0.002 -1"><span class='ocrx_word' id='word_1_129' title='bbox 656 1345 942 1387; x_wconf 85' lang='lat' dir='ltr'>EPISTULA</span> <span class='ocrx_word' id='word_1_130' title='bbox 981 1345 1076 1387; x_wconf 89' lang='lat' dir='ltr'>CVI</span> 
     </span>
     <span class='ocr_line' id='line_1_19' title="bbox 481 1434 1249 1476; baseline -0.004 0"><span class='ocrx_word' id='word_1_131' title='bbox 481 1435 664 1476; x_wconf 81' lang='lat' dir='ltr'>SENECA</span> <span class='ocrx_word' id='word_1_132' title='bbox 696 1434 886 1475; x_wconf 85' lang='lat' dir='ltr'>LUCILIO</span> <span class='ocrx_word' id='word_1_133' title='bbox 921 1446 1005 1474; x_wconf 80' lang='lat' dir='ltr'>suo</span> <span class='ocrx_word' id='word_1_134' title='bbox 1038 1445 1249 1474; x_wconf 78' lang='lat' dir='ltr'>SALUTEM</span> 
     </span>
    </p>
   </div>
   <div class='ocr_carea' id='block_1_4' title="bbox 119 1520 1572 2372">
    <p class='ocr_par' dir='ltr' id='par_1_6' title="bbox 119 1520 1570 1907">
     <span class='ocr_line' id='line_1_20' title="bbox 119 1520 1567 1574; baseline -0.002 -10"><span class='ocrx_word' id='word_1_135' title='bbox 119 1533 138 1564; x_wconf 90' lang='lat'>1</span> <span class='ocrx_word' id='word_1_136' title='bbox 217 1524 400 1566; x_wconf 86' lang='lat' dir='ltr'>Tardius</span> <span class='ocrx_word' id='word_1_137' title='bbox 428 1524 614 1566; x_wconf 88' lang='lat' dir='ltr'>rescribo</span> <span class='ocrx_word' id='word_1_138' title='bbox 644 1524 697 1564; x_wconf 90' lang='lat' dir='ltr'>ad</span> <span class='ocrx_word' id='word_1_139' title='bbox 726 1523 933 1574; x_wconf 88' lang='lat' dir='ltr'>epistulas</span> <span class='ocrx_word' id='word_1_140' title='bbox 960 1527 1073 1571; x_wconf 87' lang='lat' dir='ltr'>tuas,</span> <span class='ocrx_word' id='word_1_141' title='bbox 1103 1535 1189 1562; x_wconf 92' lang='lat' dir='ltr'>non</span> <span class='ocrx_word' id='word_1_142' title='bbox 1217 1521 1319 1573; x_wconf 89' lang='lat' dir='ltr'>quia</span> <span class='ocrx_word' id='word_1_143' title='bbox 1345 1520 1567 1562; x_wconf 86' lang='lat' dir='ltr'>districtus</span> 
     </span>
     <span class='ocr_line' id='line_1_21' title="bbox 164 1588 1566 1643; baseline -0.005 -10"><span class='ocrx_word' id='word_1_144' title='bbox 164 1591 521 1643; x_wconf 89' lang='lat' dir='ltr'>occupationibus</span> <span class='ocrx_word' id='word_1_145' title='bbox 558 1604 666 1631; x_wconf 92' lang='lat' dir='ltr'>sum.</span> <span class='ocrx_word' id='word_1_146' title='bbox 729 1591 853 1630; x_wconf 89' lang='lat' dir='ltr'>Hanc</span> <span class='ocrx_word' id='word_1_147' title='bbox 891 1588 1215 1630; x_wconf 86' lang='lat' dir='ltr'>excusationem</span> <span class='ocrx_word' id='word_1_148' title='bbox 1253 1601 1356 1628; x_wconf 87' lang='lat' dir='ltr'>cave</span> <span class='ocrx_word' id='word_1_149' title='bbox 1395 1588 1566 1628; x_wconf 87' lang='lat' dir='ltr'>audias:</span> 
     </span>
     <span class='ocr_line' id='line_1_22' title="bbox 164 1654 1568 1707; baseline -0.004 -8"><span class='ocrx_word' id='word_1_150' title='bbox 164 1671 272 1699; x_wconf 88' lang='lat' dir='ltr'>vaco</span> <span class='ocrx_word' id='word_1_151' title='bbox 293 1663 336 1698; x_wconf 88' lang='lat' dir='ltr'>et</span> <span class='ocrx_word' id='word_1_152' title='bbox 359 1671 506 1698; x_wconf 90' lang='lat' dir='ltr'>omnes</span> <span class='ocrx_word' id='word_1_153' title='bbox 528 1661 702 1705; x_wconf 78' lang='lat' dir='ltr'>vacant,</span> <span class='ocrx_word' id='word_1_154' title='bbox 725 1656 798 1707; x_wconf 90' lang='lat' dir='ltr'>qui</span> <span class='ocrx_word' id='word_1_155' title='bbox 821 1656 987 1696; x_wconf 89' lang='lat' dir='ltr'>volunt.</span> <span class='ocrx_word' id='word_1_156' title='bbox 1049 1654 1274 1695; x_wconf 91' lang='lat' dir='ltr'>Neminem</span> <span class='ocrx_word' id='word_1_157' title='bbox 1296 1668 1361 1694; x_wconf 89' lang='lat' dir='ltr'>res</span> <span class='ocrx_word' id='word_1_158' title='bbox 1382 1667 1568 1705; x_wconf 91' lang='lat' dir='ltr'>sequun-</span> 
     </span>
     <span class='ocr_line' id='line_1_23' title="bbox 165 1720 1568 1775; baseline -0.004 -10"><span class='ocrx_word' id='word_1_159' title='bbox 165 1729 249 1765; x_wconf 89' lang='lat' dir='ltr'>tur.</span> <span class='ocrx_word' id='word_1_160' title='bbox 310 1724 398 1775; x_wconf 91' lang='lat' dir='ltr'>Ipsi</span> <span class='ocrx_word' id='word_1_161' title='bbox 418 1724 510 1764; x_wconf 87' lang='lat' dir='ltr'>illas</span> <span class='ocrx_word' id='word_1_162' title='bbox 531 1723 836 1774; x_wconf 84' lang='lat' dir='ltr'>amplexantur</span> <span class='ocrx_word' id='word_1_163' title='bbox 854 1726 897 1763; x_wconf 86' lang='lat' dir='ltr'>et</span> <span class='ocrx_word' id='word_1_164' title='bbox 918 1726 1221 1772; x_wconf 75' lang='lat' dir='ltr'>argumentum</span> <span class='ocrx_word' id='word_1_165' title='bbox 1241 1734 1330 1761; x_wconf 90' lang='lat' dir='ltr'>esse</span> <span class='ocrx_word' id='word_1_166' title='bbox 1350 1720 1568 1760; x_wconf 83' lang='lat' dir='ltr'>felicitatis</span> 
     </span>
     <span class='ocr_line' id='line_1_24' title="bbox 167 1786 1568 1842; baseline -0.004 -11"><span class='ocrx_word' id='word_1_167' title='bbox 167 1791 494 1842; x_wconf 86' lang='lat' dir='ltr'>occupationem</span> <span class='ocrx_word' id='word_1_168' title='bbox 514 1794 686 1841; x_wconf 89' lang='lat' dir='ltr'>putant.</span> <span class='ocrx_word' id='word_1_169' title='bbox 749 1789 860 1839; x_wconf 85' lang='lat' dir='ltr'>Quid</span> <span class='ocrx_word' id='word_1_170' title='bbox 880 1802 980 1839; x_wconf 87' lang='lat' dir='ltr'>ergo</span> <span class='ocrx_word' id='word_1_171' title='bbox 998 1788 1096 1837; x_wconf 79' lang='lat' dir='ltr'>fuit,</span> <span class='ocrx_word' id='word_1_172' title='bbox 1116 1801 1247 1839; x_wconf 88' lang='lat' dir='ltr'>quare</span> <span class='ocrx_word' id='word_1_173' title='bbox 1267 1800 1353 1826; x_wconf 91' lang='lat' dir='ltr'>non</span> <span class='ocrx_word' id='word_1_174' title='bbox 1372 1786 1568 1837; x_wconf 88' lang='lat' dir='ltr'>protinus</span> 
     </span>
     <span class='ocr_line' id='line_1_25' title="bbox 167 1853 1570 1907; baseline -0.004 -9"><span class='ocrx_word' id='word_1_175' title='bbox 167 1857 471 1898; x_wconf 84' lang='lat' dir='ltr'>rescriberem?</span> <span class='ocrx_word' id='word_1_176' title='bbox 538 1857 605 1905; x_wconf 91' lang='lat' dir='ltr'>Id,</span> <span class='ocrx_word' id='word_1_177' title='bbox 643 1856 696 1897; x_wconf 95' lang='lat' dir='ltr'>de</span> <span class='ocrx_word' id='word_1_178' title='bbox 735 1869 821 1907; x_wconf 95' lang='lat' dir='ltr'>quo</span> <span class='ocrx_word' id='word_1_179' title='bbox 860 1855 1110 1907; x_wconf 86' lang='lat' dir='ltr'>quaerebas,</span> <span class='ocrx_word' id='word_1_180' title='bbox 1149 1853 1351 1894; x_wconf 88' lang='lat' dir='ltr'>veniebat</span> <span class='ocrx_word' id='word_1_181' title='bbox 1389 1853 1433 1892; x_wconf 90' lang='lat' dir='ltr'>in</span> <span class='ocrx_word' id='word_1_182' title='bbox 1471 1866 1570 1893; x_wconf 90' lang='lat' dir='ltr'>con-</span> 
     </span>
    </p>

    <p class='ocr_par' dir='ltr' id='par_1_7' title="bbox 123 1918 1571 2236">
     <span class='ocr_line' id='line_1_26' title="bbox 123 1918 1569 1974; baseline -0.006 -9"><span class='ocrx_word' id='word_1_183' title='bbox 123 1937 142 1966; x_wconf 90' lang='lat'>2</span> <span class='ocrx_word' id='word_1_184' title='bbox 167 1928 338 1964; x_wconf 83' lang='lat' dir='ltr'>textum</span> <span class='ocrx_word' id='word_1_185' title='bbox 363 1923 501 1974; x_wconf 85' lang='lat' dir='ltr'>operis</span> <span class='ocrx_word' id='word_1_186' title='bbox 525 1923 620 1964; x_wconf 90' lang='lat' dir='ltr'>mei.</span> <span class='ocrx_word' id='word_1_187' title='bbox 682 1922 772 1963; x_wconf 86' lang='lat' dir='ltr'>Scis</span> <span class='ocrx_word' id='word_1_188' title='bbox 795 1922 909 1962; x_wconf 92' lang='lat' dir='ltr'>enim</span> <span class='ocrx_word' id='word_1_189' title='bbox 934 1935 1000 1962; x_wconf 92' lang='lat' dir='ltr'>me</span> <span class='ocrx_word' id='word_1_190' title='bbox 1025 1921 1229 1961; x_wconf 87' lang='lat' dir='ltr'>moralem</span> <span class='ocrx_word' id='word_1_191' title='bbox 1254 1918 1569 1971; x_wconf 86' lang='lat' dir='ltr'>philosophiam</span> 
     </span>
     <span class='ocr_line' id='line_1_27' title="bbox 168 1985 1570 2041; baseline -0.004 -11"><span class='ocrx_word' id='word_1_192' title='bbox 168 1990 275 2031; x_wconf 86' lang='lat' dir='ltr'>velle</span> <span class='ocrx_word' id='word_1_193' title='bbox 301 1989 527 2041; x_wconf 85' lang='lat' dir='ltr'>complecti</span> <span class='ocrx_word' id='word_1_194' title='bbox 553 1994 596 2030; x_wconf 84' lang='lat' dir='ltr'>et</span> <span class='ocrx_word' id='word_1_195' title='bbox 625 2002 772 2029; x_wconf 89' lang='lat' dir='ltr'>omnes</span> <span class='ocrx_word' id='word_1_196' title='bbox 800 1989 853 2029; x_wconf 89' lang='lat' dir='ltr'>ad</span> <span class='ocrx_word' id='word_1_197' title='bbox 882 2001 977 2028; x_wconf 89' lang='lat' dir='ltr'>eam</span> <span class='ocrx_word' id='word_1_198' title='bbox 1007 1988 1270 2038; x_wconf 88' lang='lat' dir='ltr'>pertinentes</span> <span class='ocrx_word' id='word_1_199' title='bbox 1296 1985 1570 2037; x_wconf 89' lang='lat' dir='ltr'>quaestiones</span> 
     </span>
     <span class='ocr_line' id='line_1_28' title="bbox 168 2052 1569 2107; baseline -0.004 -10"><span class='ocrx_word' id='word_1_200' title='bbox 168 2057 393 2107; x_wconf 83' lang='lat' dir='ltr'>explicare.</span> <span class='ocrx_word' id='word_1_201' title='bbox 455 2057 611 2107; x_wconf 88' lang='lat' dir='ltr'>Itaque</span> <span class='ocrx_word' id='word_1_202' title='bbox 651 2055 851 2096; x_wconf 86' lang='lat' dir='ltr'>dubitavi</span> <span class='ocrx_word' id='word_1_203' title='bbox 892 2059 1039 2094; x_wconf 87' lang='lat' dir='ltr'>utrum</span> <span class='ocrx_word' id='word_1_204' title='bbox 1080 2054 1295 2094; x_wconf 83' lang='lat' dir='ltr'>differrem</span> <span class='ocrx_word' id='word_1_205' title='bbox 1335 2057 1393 2101; x_wconf 89' lang='lat' dir='ltr'>te,</span> <span class='ocrx_word' id='word_1_206' title='bbox 1434 2052 1569 2092; x_wconf 92' lang='lat' dir='ltr'>donec</span> 
     </span>
     <span class='ocr_line' id='line_1_29' title="bbox 170 2117 1570 2169; baseline -0.004 -7"><span class='ocrx_word' id='word_1_207' title='bbox 170 2136 271 2163; x_wconf 91' lang='lat' dir='ltr'>suus</span> <span class='ocrx_word' id='word_1_208' title='bbox 311 2122 381 2162; x_wconf 88' lang='lat' dir='ltr'>isti</span> <span class='ocrx_word' id='word_1_209' title='bbox 421 2122 479 2162; x_wconf 91' lang='lat' dir='ltr'>rei</span> <span class='ocrx_word' id='word_1_210' title='bbox 519 2122 684 2162; x_wconf 90' lang='lat' dir='ltr'>veniret</span> <span class='ocrx_word' id='word_1_211' title='bbox 725 2122 856 2169; x_wconf 85' lang='lat' dir='ltr'>locus,</span> <span class='ocrx_word' id='word_1_212' title='bbox 898 2134 952 2160; x_wconf 92' lang='lat' dir='ltr'>an</span> <span class='ocrx_word' id='word_1_213' title='bbox 991 2120 1056 2159; x_wconf 90' lang='lat' dir='ltr'>ius</span> <span class='ocrx_word' id='word_1_214' title='bbox 1095 2119 1175 2160; x_wconf 91' lang='lat' dir='ltr'>tibi</span> <span class='ocrx_word' id='word_1_215' title='bbox 1214 2123 1339 2159; x_wconf 82' lang='lat' dir='ltr'>extra</span> <span class='ocrx_word' id='word_1_216' title='bbox 1378 2117 1570 2158; x_wconf 90' lang='lat' dir='ltr'>ordinem</span> 
     </span>
     <span class='ocr_line' id='line_1_30' title="bbox 170 2185 1571 2236; baseline -0.004 -7"><span class='ocrx_word' id='word_1_217' title='bbox 170 2188 375 2229; x_wconf 86' lang='lat' dir='ltr'>dicerem:</span> <span class='ocrx_word' id='word_1_218' title='bbox 420 2188 650 2228; x_wconf 91' lang='lat' dir='ltr'>humanius</span> <span class='ocrx_word' id='word_1_219' title='bbox 678 2188 819 2228; x_wconf 90' lang='lat' dir='ltr'>visum</span> <span class='ocrx_word' id='word_1_220' title='bbox 847 2191 911 2227; x_wconf 90' lang='lat' dir='ltr'>est</span> <span class='ocrx_word' id='word_1_221' title='bbox 939 2191 1031 2226; x_wconf 88' lang='lat' dir='ltr'>tam</span> <span class='ocrx_word' id='word_1_222' title='bbox 1060 2186 1183 2236; x_wconf 81' lang='lat' dir='ltr'>longe</span> <span class='ocrx_word' id='word_1_223' title='bbox 1211 2185 1456 2225; x_wconf 88' lang='lat' dir='ltr'>venientem</span> <span class='ocrx_word' id='word_1_224' title='bbox 1485 2196 1571 2223; x_wconf 90' lang='lat' dir='ltr'>non</span> 
     </span>
    </p>

    <p class='ocr_par' dir='ltr' id='par_1_8' title="bbox 127 2250 1572 2372">
     <span class='ocr_line' id='line_1_31' title="bbox 127 2250 1571 2306; baseline -0.006 -9"><span class='ocrx_word' id='word_1_225' title='bbox 127 2267 147 2297; x_wconf 91' lang='lat'><strong>3</strong></span> <span class='ocrx_word' id='word_1_226' title='bbox 171 2255 374 2296; x_wconf 91' lang='lat' dir='ltr'>detinere.</span> <span class='ocrx_word' id='word_1_227' title='bbox 436 2255 591 2306; x_wconf 90' lang='lat' dir='ltr'>Itaque</span> <span class='ocrx_word' id='word_1_228' title='bbox 615 2258 657 2295; x_wconf 91' lang='lat' dir='ltr'>et</span> <span class='ocrx_word' id='word_1_229' title='bbox 682 2254 761 2294; x_wconf 93' lang='lat' dir='ltr'>hoc</span> <span class='ocrx_word' id='word_1_230' title='bbox 785 2267 838 2294; x_wconf 81' lang='lat' dir='ltr'>ex</span> <span class='ocrx_word' id='word_1_231' title='bbox 861 2253 932 2292; x_wconf 89' lang='lat' dir='ltr'>illa</span> <span class='ocrx_word' id='word_1_232' title='bbox 956 2252 1061 2292; x_wconf 82' lang='lat' dir='ltr'>seiie</span> <span class='ocrx_word' id='word_1_233' title='bbox 1085 2265 1225 2292; x_wconf 89' lang='lat' dir='ltr'>rerum</span> <span class='ocrx_word' id='word_1_234' title='bbox 1250 2250 1571 2292; x_wconf 87' lang='lat' dir='ltr'>cohaerentium</span> 
     </span>
     <span class='ocr_line' id='line_1_32' title="bbox 172 2315 1572 2372; baseline -0.004 -10"><span class='ocrx_word' id='word_1_235' title='bbox 172 2334 399 2372; x_wconf 82' lang='lat' dir='ltr'>excerpam</span> <span class='ocrx_word' id='word_1_236' title='bbox 431 2325 489 2370; x_wconf 87' lang='lat' dir='ltr'>et,</span> <span class='ocrx_word' id='word_1_237' title='bbox 521 2321 556 2361; x_wconf 94' lang='lat' dir='ltr'>si</span> <span class='ocrx_word' id='word_1_238' title='bbox 588 2333 674 2372; x_wconf 88' lang='lat' dir='ltr'>qua</span> <span class='ocrx_word' id='word_1_239' title='bbox 705 2323 830 2360; x_wconf 87' lang='lat' dir='ltr'>erunt</span> <span class='ocrx_word' id='word_1_240' title='bbox 863 2318 1086 2367; x_wconf 89' lang='lat' dir='ltr'>eiusmodi,</span> <span class='ocrx_word' id='word_1_241' title='bbox 1119 2331 1204 2357; x_wconf 91' lang='lat' dir='ltr'>non</span> <span class='ocrx_word' id='word_1_242' title='bbox 1237 2317 1460 2368; x_wconf 85' lang='lat' dir='ltr'>quaerenti</span> <span class='ocrx_word' id='word_1_243' title='bbox 1492 2315 1572 2357; x_wconf 89' lang='lat' dir='ltr'>tibi</span> 
     </span>
    </p>
   </div>
  </div>
 </body>
</html>
