1667 2524
319 154 386 187 AD
422 153 673 188 NERONEM
707 153 774 186 DE
808 153 1101 188 CLEMENTIA
1135 153 1229 186 LIB.
1267 154 1283 186 Ι
1446 149 1500 191 57

100 273 205 313 facit
236 273 303 313 ille
334 276 528 321 venator,
560 272 719 324 quique
750 272 940 312 instituit
972 271 1137 312 catulos
1167 272 1349 322 vestigia
1379 272 1498 323 sequi

100 340 260 391 quique
296 340 382 378 iam
418 339 665 379 exercitatis
702 339 841 378 utitur
876 339 930 378 ad
967 338 1220 378 excitandas
1257 339 1323 378 vel
1361 351 1499 389 perse-

101 403 294 457 quendas
320 406 452 446 feras:
495 419 571 445 nec
600 405 745 445 crebro
772 405 852 445 illis
879 405 1070 444 minatur
1099 405 1357 453 (contundet
1384 405 1498 444 enim

99 473 265 512 animos
287 477 344 521 et,
372 472 576 523 quicquid
600 477 664 512 est
688 472 855 519 indolis,
876 472 1193 511 comminuetur
1212 471 1499 522 trepidatione

99 539 313 589 degeneri)
375 552 451 578 nec
509 538 726 578 licentiam
784 538 970 588 vagandi
1028 538 1283 588 errandique
1340 539 1499 588 passim

101 605 309 645 concedit.
370 605 542 645 Adicias
586 605 650 644 his
695 605 792 645 licet
837 605 1026 644 tardiora
1071 610 1246 654 agentes
1290 604 1497 652 iumenta,

100 685 223 723 quae,
257 685 352 711 cum
384 672 437 711 ad
470 671 775 711 contumeliam
805 676 848 711 et
879 671 1070 711 miserias
1101 676 1205 710 nata
1235 670 1336 720 sint,
1368 671 1499 710 nimia

100 738 282 778 saevitia
312 743 520 789 cogantur
548 738 695 788 iugum
724 738 979 778 detractare.

157 804 301 844 XVII.
344 805 520 844 Nullum
540 805 699 844 animal
719 805 927 844 morosius
946 810 1024 853 est,
1045 804 1209 844 nullum
1229 804 1388 844 maiore
1407 809 1499 844 arte

101 872 379 911 tractandum
411 885 542 922 quam
573 871 715 919 homo,
748 871 850 910 nulli
882 871 1017 921 magis
1048 871 1326 922 parcendum.
1387 871 1498 920 Quid

99 938 213 978 enim
247 942 311 978 est
346 938 521 978 stultius
556 951 687 988 quam
722 938 765 976 in
799 938 1002 977 iumentis
1036 938 1210 988 quidem
1244 942 1287 977 et
1323 937 1500 977 canibus

101 1004 346 1045 erubescere
380 1005 463 1044 iras
496 1018 703 1052 exercere,
739 1005 923 1055 pessima
957 1010 1103 1044 autem
1139 1005 1386 1044 condicione
1420 1004 1500 1044 sub

101 1071 265 1110 homine
293 1071 510 1111 hominem
538 1073 658 1111 esse?
718 1071 877 1110 Morbis
905 1071 1127 1110 medemur
1154 1084 1229 1110 nec
1258 1071 1499 1119 irascimur;

101 1138 223 1189 atqui
255 1142 298 1177 et
330 1137 398 1177 hic
430 1137 605 1177 morbus
637 1142 701 1177 est
734 1138 887 1185 animi;
936 1137 1107 1177 mollem
1140 1138 1397 1177 medicinam
1429 1138 1499 1177 de-

101 1204 261 1244 siderat
310 1204 537 1255 ipsumque
586 1205 831 1244 medentem
881 1205 1055 1244 minime
1105 1204 1309 1244 infestum
1359 1217 1498 1254 aegro.

102 1271 201 1311 Mali
237 1272 390 1311 medici
424 1276 489 1311 est
522 1271 761 1322 desperare,
797 1285 848 1311 ne
885 1276 1023 1311 curet:
1073 1271 1186 1311 idem
1220 1271 1263 1310 in
1297 1271 1360 1319 iis,
1396 1284 1500 1322 quo—

102 1351 196 1377 rum
230 1338 399 1377 animus
433 1338 629 1378 adfectus
662 1342 740 1386 est,
774 1339 913 1378 facere
946 1338 1121 1377 debebit
1155 1338 1201 1385 is,
1238 1338 1303 1377 cui
1339 1338 1500 1378 tradita

64 1396 75 1401 ³
102 1404 216 1444 salus
245 1405 438 1443 omnium
468 1409 546 1453 est,
578 1418 662 1444 non
694 1405 778 1444 cito
808 1418 927 1455 spem
958 1405 1144 1455 proicere
1174 1418 1249 1443 nec
1280 1405 1501 1444 mortifera

102 1471 222 1522 signa
266 1471 566 1522 pronuntiare;
628 1471 815 1512 luctetur
860 1485 956 1511 cum
1002 1471 1131 1518 vitiis,
1178 1471 1363 1519 resistat,
1409 1471 1501 1510 aliis

103 1537 302 1577 morbum
358 1551 483 1577 suum
539 1538 783 1589 exprobret,
841 1538 1052 1589 quosdam
1109 1538 1223 1577 molli
1282 1538 1501 1577 curatione

102 1604 289 1655 decipiat
321 1604 446 1644 citius
476 1605 712 1656 meliusque
743 1610 973 1644 sanaturus
1004 1605 1200 1644 remediis
1231 1604 1500 1650 sallentibus;

103 1676 204 1722 agat
250 1671 446 1722 princeps
494 1685 638 1711 curam
686 1685 771 1711 non
818 1676 991 1711 tantum
1038 1671 1202 1719 salutis,
1250 1671 1322 1711 sed
1369 1671 1500 1711 etiam

104 1737 308 1778 honestae
342 1738 564 1778 cicatricis.
625 1738 753 1778 Nulla
786 1739 871 1789 regi
904 1738 1036 1789 gloria
1069 1743 1133 1778 est
1166 1751 1219 1777 ex
1251 1751 1380 1777 saeva
1413 1738 1501 1776 ani-

103 1804 401 1844 madversione
457 1805 570 1855 (quis
621 1805 734 1844 enim
785 1805 961 1845 dubitat
1013 1818 1135 1855 posse
1149 1806 1201 1854 1²),
1255 1809 1300 1844 at
1353 1808 1502 1843 contra

104 1871 309 1919 maxima,
347 1871 380 1910 si
418 1871 506 1909 vim
544 1884 666 1910 suam
705 1872 911 1919 continet,
949 1871 983 1910 si
1021 1871 1180 1910 multos
1217 1871 1303 1910 irae
1340 1870 1502 1909 alienae

103 1937 275 1987 eripuit,
307 1937 520 1976 neminem
551 1950 652 1977 suae
682 1938 906 1988 impendit.

162 2002 331 2042 XVIII.
373 2003 514 2043 Servis
532 2004 740 2054 imperare
759 2005 979 2044 moderate
999 2003 1090 2043 laus
1107 2008 1185 2043 est.
1247 2003 1303 2043 Et
1322 2003 1365 2042 in
1383 2016 1503 2042 man-

107 2069 215 2120 cipio
248 2070 525 2120 cogitandum
556 2075 635 2119 est,
667 2084 752 2110 non
783 2075 997 2121 quantum
1028 2070 1131 2110 illud
1163 2070 1337 2120 impune
1368 2069 1503 2120 possit

105 2136 211 2186 pati,
243 2136 315 2176 sed
346 2140 560 2187 quantum
592 2137 670 2176 tibi
701 2137 928 2187 permittat
959 2137 1084 2188 aequi
1115 2136 1302 2187 bonique
1332 2140 1503 2183 natura,

106 2215 217 2253 quae
262 2215 434 2253 parcere
479 2203 612 2243 etiam
659 2204 843 2254 captivis
888 2208 931 2243 et
977 2204 1114 2254 pretio
1161 2203 1324 2254 paratis
1370 2202 1502 2242 iubet.

106 2268 281 2316 Quanto
326 2269 479 2309 iustius
523 2269 643 2310 iubet
687 2270 933 2309 hominibus
978 2270 1132 2318 liberis,
1178 2269 1386 2320 ingenuis,
1431 2268 1505 2307 ho-

107 2335 239 2375 nestis
277 2349 363 2375 non
400 2340 450 2376 ut
487 2336 712 2387 mancipiis
750 2336 872 2378 abuti
910 2337 983 2377 sed
1021 2340 1070 2376 ut
1109 2336 1187 2385 his,
1226 2349 1333 2386 quos
1371 2335 1505 2386 gradu
