1667 2524
456 138 524 172 AD
558 136 803 172 LUCILIUM
836 134 1081 170 EPISTULA
1112 135 1193 169 CVI
1464 129 1518 171 95

122 257 236 298 ultro
272 257 459 297 mittam.
520 256 638 306 Quae
674 255 758 295 sint
795 255 898 295 haec
933 254 1201 304 interrogas?
1259 253 1377 303 Quae
1413 252 1517 294 scire

123 324 257 374 magis
292 323 414 363 iuvat
452 335 582 374 quam
618 322 806 373 prodest,
843 321 951 361 sicut
989 320 1082 369 hoo,
1118 320 1170 360 de
1207 333 1292 371 quo
1328 319 1517 371 quaeris:

122 390 284 431 bonum
330 403 384 430 an
429 402 582 440 corpus
625 388 711 428 sit?
772 388 941 427 Bonum
985 386 1110 427 facit:
1170 386 1344 437 prodest
1388 385 1515 426 enim.
1544 396 1563 424 4

123 457 248 510 Quod
282 456 401 505 facit,
436 467 589 510 corpus
626 459 703 495 est.
766 455 935 493 Bonum
963 453 1099 504 agitat
1127 453 1319 492 animum
1344 457 1387 492 et
1415 465 1519 504 quo-

121 523 355 564 dammodo
376 522 534 562 format
556 526 598 562 et
621 521 827 570 continet,
850 533 959 572 quae
987 519 1159 570 propria
1186 523 1287 559 sunt
1316 518 1514 569 corporis.

123 589 242 639 Quae
279 589 465 640 corporis
501 589 615 629 bona
651 592 766 636 sunt,
805 599 982 637 corpora
1018 591 1140 626 sunt:
1192 598 1291 636 ergo
1326 589 1369 625 et
1408 598 1517 636 quae

122 655 254 696 animi
288 660 402 695 sunt.
465 656 575 694 Nam
610 659 652 694 et
688 654 766 694 hoe
803 666 955 704 eorpus
989 657 1066 693 est.
1130 653 1299 691 Bonum
1334 650 1518 690 hominis
1544 664 1563 692 5

122 735 290 763 necesse
318 726 382 761 est
411 734 563 771 corpus
591 721 660 769 sit,
690 733 787 760 oum
815 720 904 770 ipse
932 719 985 759 sit
1016 718 1258 769 corporalis.
1320 717 1517 765 Mentior,

122 788 202 829 nisi
238 793 281 829 et
319 801 428 839 quae
465 787 585 827 alunt
623 787 741 826 illum
778 791 820 826 et
858 799 967 836 quae
1005 785 1288 825 valitudinem
1325 784 1414 824 eius
1451 783 1517 824 vel

123 854 372 896 custodiunt
404 854 469 894 vel
500 853 749 901 restituunt,
781 866 958 903 corpora
988 856 1110 892 sunt:
1155 864 1253 902 ergo
1282 856 1325 891 et
1356 851 1517 890 bonum

122 922 212 962 eius
237 934 390 972 corpus
420 925 497 960 θεῖ.
560 921 656 959 Non
685 924 792 970 puto
823 924 866 959 te
894 919 1213 966 dubitaturum,
1241 931 1295 957 an
1323 917 1518 958 adfectus

123 1000 301 1038 corpora
341 987 563 1026 sint—ut
606 986 720 1026 aliud
762 998 947 1036 quoque,
989 985 1041 1025 de
1083 998 1168 1036 quo
1208 997 1294 1023 non
1336 983 1517 1035 quaeris,

122 1053 343 1094 infulciam
365 1058 659 1104 —tamquam
695 1052 770 1100 ira,
809 1065 941 1099 amor,
979 1051 1170 1099 tristitia,
1208 1050 1290 1090 nisi
1329 1050 1518 1098 dubitas,

124 1134 179 1161 an
218 1120 390 1160 vultum
429 1119 551 1159 nobis
592 1123 776 1167 mutent,
817 1132 871 1158 an
911 1118 1097 1158 frontem
1138 1117 1423 1167 adstringant,
1464 1129 1518 1156 an

123 1186 277 1227 faciem
311 1186 573 1233 diffundant,
605 1199 659 1225 an
698 1185 897 1225 ruborem
927 1190 1123 1233 evocent,
1155 1198 1209 1223 an
1244 1184 1392 1234 fugent
1424 1196 1520 1223 san-

123 1253 308 1303 guinem.
370 1252 481 1301 Quid
519 1253 648 1302 ergo?
716 1252 824 1291 Tam
868 1251 1118 1291 manifestas
1163 1255 1288 1290 notas
1333 1249 1519 1300 corporis

124 1319 259 1360 credis
288 1318 475 1369 imprimi
506 1318 583 1357 nisi
617 1332 641 1358 a
672 1319 876 1368 corpore?
923 1316 965 1357 Si
988 1317 1183 1357 adfectus
1205 1330 1382 1368 corpora
1403 1321 1518 1364 sunt,
1546 1329 1565 1358 6

123 1390 166 1426 θῖ
190 1385 327 1425 morbi
350 1384 605 1433 animorum,
628 1389 679 1433 ut
700 1384 896 1432 avaritia,
921 1384 1164 1433 crudelitas,
1188 1384 1390 1424 indurata
1413 1383 1520 1423 vitia

123 1457 166 1492 et
191 1451 234 1491 in
259 1455 424 1491 statum
449 1450 806 1491 inemendabilem
829 1451 1040 1491 adducta:
1086 1464 1185 1501 ergo
1209 1455 1251 1490 et
1285 1449 1450 1490 malitia
1477 1453 1518 1489 et
1548 1460 1565 1490 7

124 1518 284 1568 speeies
319 1517 408 1558 eius
444 1530 604 1565 omnes,
643 1517 901 1568 malignitas,
938 1518 1115 1566 invidia,
1152 1517 1371 1568 superbia:
1421 1529 1520 1566 ergo

123 1589 166 1624 et
199 1584 327 1632 bona,
362 1583 547 1634 primum
581 1583 682 1634 quia
714 1584 929 1624 contraria
961 1584 1053 1624 istis
1085 1588 1200 1629 sunt,
1234 1583 1386 1623 deinde
1420 1582 1521 1633 quia

124 1651 275 1691 eadem
299 1650 379 1690 tibi
404 1649 560 1690 indicia
586 1651 883 1700 praestabunt.
944 1651 1011 1689 An
1037 1663 1122 1689 non
1147 1650 1280 1697 vides,
1307 1653 1519 1700 quantum

125 1716 257 1757 oeulis
306 1716 380 1756 det
429 1716 618 1766 vigorem
662 1716 903 1757 fortitudo?
968 1705 1187 1765 Quantam
1237 1715 1520 1756 intentionem

125 1782 385 1834 prudentia?
444 1782 661 1831 Quantam
689 1783 943 1823 modestiam
969 1787 1011 1823 et
1039 1782 1227 1833 quietem
1254 1781 1522 1822 reverentia?

126 1849 346 1898 Quantam
373 1848 647 1888 serenitatem
674 1848 870 1889 laetitia?
929 1849 1150 1898 Quantum
1177 1848 1357 1898 rigorem
1384 1860 1522 1887 sever-

125 1915 240 1955 itas?
299 1914 518 1964 Quantam
536 1915 827 1955 remissionem
845 1915 1029 1955 lenitas?
1086 1915 1273 1965 Corpora
1290 1927 1388 1964 ergo
1405 1917 1520 1961 sunt,

126 1994 237 2032 quae
279 1981 462 2032 colorem
504 1980 789 2032 habitumque
831 1994 1055 2031 corporum
1099 1985 1285 2028 mutant,
1328 1993 1438 2031 quae
1479 1979 1522 2018 in
1566 1991 1570 1993 “

126 2047 207 2087 iuis
228 2060 406 2098 regnum
428 2060 554 2087 suum
582 2053 794 2087 exercent.
855 2047 1013 2087 Omnes
1044 2051 1204 2094 autem,
1227 2059 1334 2097 quas
1363 2045 1521 2093 rettuli,

127 2113 311 2154 virtutes
332 2113 447 2153 bona
471 2118 586 2161 sunt,
606 2117 648 2153 et
675 2113 877 2164 quicquid
899 2127 952 2153 ex
973 2113 1052 2152 illis
1076 2117 1154 2153 est.
1216 2112 1436 2163 Numquid
1458 2116 1521 2152 est
1550 2123 1569 2152 8

127 2179 322 2228 dubium,
343 2193 398 2219 an
424 2179 481 2228 id,
510 2192 595 2231 quo
622 2179 725 2231 quid
752 2179 872 2230 tangi
899 2184 1056 2230 potest,
1085 2191 1237 2230 corpus
1264 2178 1351 2218 sit?

205 2312 414 2364 ‘Tangere
435 2312 550 2353 enim
569 2317 612 2353 et
635 2312 754 2364 tangi
775 2311 854 2353 nisi
876 2325 1028 2365 corpus
1049 2311 1166 2353 nulla
1187 2314 1329 2363 potest
1353 2311 1446 2359 res,’
