1667 2524
131 109 157 151 6
569 113 610 147 L.
645 114 841 148 ANNAEI
874 116 1101 150 SENECAE

133 236 251 284 quet,
288 232 322 272 si
359 232 504 272 oculos
540 237 651 280 tuos,
690 232 1007 282 indignissimos
1043 232 1123 272 hoc
1158 233 1286 282 malo,
1323 233 1411 273 sine
1446 232 1533 273 ullo

132 298 261 339 flendi
287 299 370 339 fine
395 303 438 339 et
465 299 698 338 conturbat
723 299 837 338 idem
862 304 905 338 et
930 299 1144 339 exhaurit.

187 366 402 405 Pietatem
449 370 596 405 tamen
642 369 765 405 tuam
811 365 915 404 nihil
962 378 1096 416 aeque
1142 379 1167 405 a
1213 366 1396 406 lacrimis
1441 370 1533 406 tam

131 432 356 472 inutilibus
388 431 589 480 abducet,
622 445 754 482 quam
785 432 819 471 si
852 432 1107 482 cogitaveris
1137 432 1344 472 fratribus
1374 436 1417 472 te
1448 432 1535 472 tuis

131 498 327 549 exemplo
352 512 441 538 esse
466 498 620 538 debere
644 498 816 538 fortiter
850 498 960 538 hanc
995 499 1195 538 fortunae
1220 499 1420 538 iniuriam
1444 511 1534 538 sus-

132 565 310 605 tinendi.
372 565 496 613 Quod
534 565 664 604 duces
701 565 846 615 magni
883 565 1049 605 faciunt
1087 565 1213 605 rebus
1251 565 1446 614 adfectis,
1484 569 1534 605 ut

131 631 395 671 hilaritatem
425 632 477 671 de
508 631 721 671 industria
751 631 954 671 simulent
984 636 1027 672 et
1057 632 1260 671 adversas
1290 645 1354 672 res
1384 631 1534 671 adum-

131 698 257 738 brata
289 698 454 738 laetitia
486 698 772 747 abscondant,
804 711 857 738 ne
887 698 1075 738 militum
1107 699 1253 747 animi,
1285 698 1319 738 si
1350 699 1535 738 fractam

131 764 251 804 ducis
281 764 345 803 sui
376 769 566 804 mentem
597 765 800 813 viderint,
832 769 875 804 et
906 765 986 815 ipsi
1018 765 1316 814 conlabantur‚
1347 764 1390 805 id
1421 778 1535 804 nunc

132 830 211 871 tibi
242 844 414 882 quoque
442 831 690 871 faciendum
719 836 804 870 est:
849 832 978 871 indue
1006 831 1256 871 dissimilem
1285 832 1430 871 animo
1458 835 1535 872 tuo

133 897 304 938 vultum
337 902 394 946 et,
429 898 462 937 si
497 902 634 948 potes,
669 898 811 948 proice
844 911 1016 937 omnem
1048 911 1102 938 ex
1135 902 1229 938 toto
1262 898 1467 947 dolorem,
1501 898 1535 938 si

133 964 289 1012 minus,
306 964 516 1004 introrsus
532 964 642 1004 abde
657 969 700 1004 et
718 965 902 1013 contine,
920 978 971 1004 ne
987 969 1210 1015 appareat,
1226 969 1269 1004 et
1285 965 1341 1005 da
1356 978 1533 1016 operam

133 1035 182 1070 ut
204 1031 358 1070 fratres
380 1031 443 1070 tui
466 1035 508 1070 te
530 1031 769 1079 imitentur,
792 1031 865 1082 qui
888 1030 1117 1071 honestum
1139 1031 1375 1081 putabunt,
1398 1031 1534 1082 quod-

135 1110 318 1148 cumque
348 1102 390 1137 te
419 1098 651 1137 facientem
680 1098 883 1146 viderint,
914 1098 1194 1149 animumque
1223 1111 1277 1137 ex
1304 1098 1430 1138 vultu
1459 1102 1536 1138 tuo

133 1168 318 1204 sument.
380 1164 437 1204 Et
470 1164 677 1203 solacium
709 1164 839 1204 debes
871 1178 960 1204 esse
993 1164 1162 1204 illorum
1194 1168 1237 1204 et
1272 1164 1534 1214 consolator;

133 1244 219 1270 non
236 1231 396 1281 poteris
413 1235 560 1270 autem
577 1230 731 1270 horum
748 1231 930 1271 maerori
947 1231 1133 1279 obstare,
1151 1231 1185 1270 si
1203 1235 1278 1271 tuo
1295 1232 1534 1272 indulseris.

189 1297 263 1337 VI.
309 1297 410 1347 [25]
451 1297 600 1337 Potest
625 1302 668 1337 et
693 1297 764 1336 illa
789 1311 853 1337 res
878 1311 902 1336 a
927 1297 1047 1337 luctu
1072 1302 1114 1337 te
1139 1297 1363 1348 prohibere
1388 1298 1534 1347 nimio,

133 1364 166 1403 si
185 1363 263 1403 tibi
282 1364 370 1414 ipse
389 1364 704 1404 renuntiaveris
722 1364 827 1403 nihil
844 1364 1013 1413 horum,
1032 1378 1142 1415 quae
1159 1365 1277 1413 facis,
1297 1378 1419 1415 posse
1437 1365 1535 1404 sub-

132 1430 244 1470 duci.
306 1430 508 1480 Magnam
546 1430 625 1470 tibi
663 1444 891 1481 personam
929 1431 1153 1470 hominum
1192 1444 1421 1471 consensus
1459 1432 1536 1470 im-

133 1497 299 1548 posuit:
344 1496 449 1536 haec
479 1497 559 1536 tibi
590 1498 752 1537 tuenda
782 1502 860 1537 est.
921 1498 1183 1537 Circumstat
1214 1502 1256 1537 te
1285 1498 1424 1537 omnis
1452 1498 1536 1538 ista

135 1563 451 1602 consolantium
480 1563 724 1614 frequentia
753 1567 796 1603 et
826 1563 869 1602 in
899 1564 1092 1603 animum
1123 1568 1248 1604 tuum
1278 1564 1456 1615 inquirit
1486 1578 1535 1604 ac

133 1630 336 1681 perspicit
365 1634 581 1681 quantum
610 1630 774 1671 roboris
802 1630 870 1670 ille
898 1631 1104 1670 adversus
1143 1631 1336 1671 dolorem
1375 1630 1534 1671 habeat

133 1701 176 1736 et
197 1700 400 1736 utrumne
422 1701 470 1736 tu
492 1701 667 1736 tantum
688 1697 814 1737 rebus
835 1698 1033 1737 secundis
1053 1698 1117 1737 uti
1138 1698 1313 1737 dextere
1335 1698 1456 1746 scias,
1479 1712 1533 1737 an

133 1767 176 1803 et
208 1763 411 1803 adversas
442 1764 578 1814 possis
610 1764 790 1804 viriliter
820 1765 949 1804 ferre:
996 1764 1283 1804 observantur
1314 1765 1422 1804 oculi
1455 1765 1532 1804 tui.

134 1829 352 1870 Liberiora
381 1834 482 1870 sunt
512 1830 656 1869 omnia
685 1831 748 1879 iis,
779 1844 963 1882 quorum
992 1831 1189 1871 adfectus
1218 1831 1302 1881 tegi
1332 1836 1512 1882 possunt
1523 1844 1533 1880 ;

135 1896 213 1936 tibi
238 1896 403 1936 nullum
427 1901 640 1937 secretum
664 1897 845 1937 liberum
868 1902 946 1938 est.
1008 1897 1534 1955 Qsslltffllffcefflfssrmna

129 1967 177 2021 Pe
204 1963 369 2014 posuit,·
412 1977 560 2003 omnes
586 1964 736 2012 scient,
764 1965 982 2015 quomodo
1009 1969 1051 2004 te
1077 1965 1120 2003 in
1146 1964 1229 2005 isto
1255 1968 1332 2005 tuo
1358 1965 1534 2015 gesseris

134 2022 323 2078 vulnere,
357 2035 560 2070 utrumne
593 2031 743 2070 statim
776 2044 1001 2082 percussus
1033 2045 1152 2070 arma
1184 2032 1446 2072 summiseris
1478 2045 1533 2071 an

134 2095 177 2134 in
198 2097 333 2146 gradu
365 2097 548 2136 steteris.
611 2097 722 2137 Olim
756 2102 798 2137 te
820 2097 862 2136 in
884 2097 1079 2137 altiorem
1113 2098 1306 2138 ordinem
1338 2102 1381 2138 et
1414 2111 1536 2137 amor

133 2162 324 2202 Caesaris
355 2163 512 2203 extulit
544 2167 587 2203 et
620 2168 696 2203 tua
728 2164 872 2203 studia
904 2164 1160 2204 eduxerunt.
1222 2164 1337 2203 Nihil
1370 2168 1412 2204 te
1445 2164 1531 2215 ple-

133 2228 277 2268 beium
308 2229 445 2277 decet,
478 2229 581 2268 nihil
614 2229 787 2270 humile.
849 2230 960 2279 Quid
993 2235 1139 2270 autem
1171 2235 1262 2270 tam
1294 2230 1453 2271 humile
1484 2244 1532 2270 ac

74 2317 79 2319 <
134 2294 339 2335 muliebre
369 2300 433 2335 est
464 2309 595 2347 quam
627 2297 966 2337 consumendum
996 2310 1039 2336 se
1068 2296 1203 2336 dolori
1234 2297 1533 2337 committere?
