1667 2524
157 96 206 135 12
590 99 631 132 L.
666 99 732 133 AN
739 99 861 133 NAEI
895 98 1121 133 SENECAE

153 219 359 258 aufertur.
421 217 576 268 Itaque
604 217 646 255 in
673 215 956 266 praeteritum
984 219 1156 265 tempus
1182 214 1352 253 animus
1377 214 1553 253 mitten-

152 285 233 325 dus
260 290 323 325 est
352 289 394 324 et
423 283 628 335 quicquid
658 295 734 321 nos
762 294 970 332 umquam
998 281 1233 320 delectavit
1262 280 1554 320 reducendum

154 365 201 391 ac
227 350 441 402 frequenti
469 349 730 399 cogitatione
755 347 1111 398 pertractandum
1136 351 1222 386 est:
1264 346 1434 401 longior¹
1453 346 1555 385 fide-

153 419 315 469 liorque
337 422 401 457 est
424 416 631 456 memoria
653 415 933 465 voluptatum
956 427 1087 465 quam
1110 414 1366 464 praesentia.
1429 412 1553 461 Quod

154 484 343 523 habuisti
377 496 474 533 ergo
507 483 722 533 optimum
754 482 946 529 fratrem,
980 481 1023 519 in
1055 480 1233 519 summis
1264 479 1388 518 bonis
1419 480 1553 529 pone!

155 548 252 587 Non
288 551 351 587 est
389 547 504 597 quod
543 546 716 596 cogites,
755 548 919 596 quanto
956 544 1119 583 diutius
1155 543 1312 583 habere
1348 543 1554 593 potueris,

154 614 226 654 sed
259 627 390 665 quam
420 613 494 653 diu
525 612 738 651 habueris.
800 611 963 650 Rerum
994 614 1151 650 natura
1181 609 1301 648 illum
1333 609 1411 648 tibi
1443 609 1554 648 sicut

157 681 305 721 ceteris
328 680 482 719 fratres
506 692 605 718 suos
630 692 715 717 non
740 677 955 727 mancipio
979 677 1114 724 dedit,
1139 676 1211 716 sed
1239 675 1554 724 commodavi&

157 760 253 787 cum
279 747 420 786 visum
445 750 510 785 est
535 745 704 793 deinde,
731 744 888 794 repetit
914 756 990 782 nec
1016 747 1138 782 tuam
1163 743 1207 781 in
1231 756 1280 782 eo
1306 742 1556 781 satietatem

156 818 303 853 secuta
333 817 397 852 est
427 812 499 852 sed
530 825 653 851 suam
683 811 831 861 legem.
893 809 936 850 Si
966 809 1061 860 quis
1090 809 1317 859 pecuniam
1348 808 1555 847 creditam

156 880 330 920 solvisse
369 893 411 919 se
449 878 628 918 moleste
666 878 791 926 ferat,
830 890 927 917 eam
965 877 1231 927 praesertim,
1273 876 1391 914 cuius
1429 888 1556 914 usum

156 947 395 998 gratuitum
417 945 644 996 acceperit,
667 957 809 983 nonne
830 944 1015 983 iniustus
1037 943 1102 981 vir
1123 941 1365 981 habeatur?
1425 940 1554 981 Dedit

156 1018 313 1053 natura
338 1013 462 1052 fratri
488 1016 564 1052 tuo
590 1012 743 1059 vitam,
769 1011 890 1050 dedit
915 1014 958 1050 et
984 1009 1085 1049 tibi:
1127 1022 1237 1060 quae
1263 1021 1339 1047 suo
1364 1008 1454 1048 iure
1479 1021 1556 1047 usa

156 1081 190 1120 si
207 1094 232 1119 a
248 1093 333 1131 quo
351 1079 488 1118 voluit
505 1078 702 1118 debitum
720 1090 846 1121 suum
864 1077 989 1116 citius
1005 1076 1161 1125 exegit,
1180 1089 1265 1114 non
1283 1075 1353 1113 illa
1370 1075 1413 1113 in
1432 1074 1557 1125 culpa

156 1151 235 1195 est,
254 1146 373 1185 cuius
390 1150 494 1185 nota
510 1149 603 1184 erat
623 1144 830 1191 condicio,
848 1143 921 1182 sed
939 1142 1133 1181 mortalis
1150 1142 1282 1180 animi
1300 1155 1395 1191 spes
1412 1141 1555 1190 avida,

158 1227 267 1264 quae
290 1212 485 1260 subinde,
510 1211 613 1262 quid
637 1224 778 1250 rerum
802 1214 958 1249 natura
981 1209 1051 1257 sit,
1075 1208 1344 1247 obliviscitur
1365 1221 1441 1247 nec
1464 1221 1558 1247 um—

158 1293 289 1331 quam
314 1279 441 1318 sortis
466 1291 568 1317 suae
593 1277 804 1324 meminit,
832 1276 911 1315 nisi
940 1288 1035 1314 cum
1062 1275 1332 1314 admonetur.
1407 1273 1557 1313 Gaude

157 1347 304 1398 itaque
320 1345 520 1384 habuisse
537 1348 580 1384 te
597 1348 688 1383 tam
705 1343 868 1382 bonum
884 1343 1063 1381 fratrem
1078 1345 1121 1381 et
1138 1354 1263 1380 usum
1280 1333 1667 1391 fruetsii‘m'W‘

157 1413 260 1461 eius,
278 1411 479 1463 quamvis
494 1411 666 1450 brevior
680 1414 783 1449 voto
800 1413 876 1448 tuo
890 1409 1035 1457 fuerit,
1052 1408 1153 1447 boni
1171 1407 1355 1447 consule.
1406 1407 1557 1457 Cogita

157 1479 514 1519 iucundissimum
539 1490 642 1525 esse,
670 1476 785 1527 quod
812 1475 1016 1523 habuisti,
1043 1474 1297 1522 humanum,
1324 1473 1438 1524 quod
1466 1486 1557 1523 per-

157 1546 326 1586 didisti:
364 1558 440 1584 nec
462 1544 577 1583 enim
600 1543 833 1594 quicquam
856 1542 998 1580 minus
1020 1541 1132 1580 inter
1153 1554 1196 1580 se
1220 1544 1557 1579 consentaneum

157 1617 222 1653 est
242 1625 373 1663 quam
394 1611 581 1661 aliquem
601 1609 779 1657 moveri,
801 1609 916 1659 quod
937 1607 1017 1647 sibi
1038 1607 1137 1647 talis
1157 1608 1291 1646 frater
1309 1619 1463 1657 parum
1483 1606 1558 1646 diu

160 1679 398 1729 contigerit,
428 1691 514 1717 non
542 1677 741 1727 gaudere,
771 1675 886 1726 quod
916 1679 1063 1714 tamen
1094 1673 1333 1723 contigerit.

215 1744 294 1784 XI.
347 1744 426 1784 ‘At
461 1743 703 1794 inopinanti
738 1746 911 1792 ereptus
945 1741 1039 1781 est.y
1100 1740 1186 1780 Sua
1222 1753 1437 1791 quemque
1473 1753 1558 1779 cre-

159 1812 319 1852 dulitas
334 1811 494 1861 decipit
510 1814 553 1849 et
569 1810 613 1848 in
628 1810 701 1857 eis,
719 1822 829 1859 quae
845 1808 998 1858 diligit,
1016 1807 1263 1846 voluntaria
1278 1805 1559 1846 mortalitatis

160 1878 340 1918 oblivio:
386 1881 542 1916 natura
572 1875 676 1915 nulli
706 1889 749 1915 se
779 1874 1046 1915 necessitatis
1076 1887 1177 1913 suae
1207 1873 1390 1923 gratiam
1420 1872 1558 1911 factu-

161 1958 251 1984 ram
274 1957 363 1984 esse
385 1947 547 1983 testata
568 1946 646 1982 est.
707 1941 873 1981 Cotidie
895 1944 1065 1991 praeter
1085 1939 1229 1979 oculos
1251 1943 1420 1978 nostros
1442 1942 1559 1978 tran-

161 2015 286 2051 seunt
324 2015 527 2050 notorum
565 2009 897 2059 ignotorumque
934 2007 1099 2055 funera,
1140 2020 1216 2046 nos
1256 2009 1404 2046 tamen
1442 2005 1558 2044 aliud

161 2079 327 2128 agimus
350 2081 392 2117 et
417 2076 610 2116 subitum
634 2075 676 2115 id
701 2079 907 2126 putamus
930 2087 1033 2122 esse,
1059 2073 1173 2124 quod
1197 2072 1320 2112 nobis
1348 2076 1443 2112 tota
1466 2071 1560 2111 vita

161 2144 446 2184 denuntiatur
463 2143 673 2182 futurum.
735 2141 831 2181 Non
849 2145 914 2181 est
932 2141 1078 2191 itaque
1096 2140 1179 2178 ista
1197 2140 1387 2178 fatorum
1405 2138 1560 2188 iniqui-

163 2215 243 2258 tas,
292 2210 363 2249 sed
412 2209 569 2249 mentis
616 2208 831 2247 humanae
878 2207 1071 2258 pravitas
1117 2205 1372 2245 insatiabilis
1419 2217 1559 2244 rerum

163 2277 370 2325 omnium,
398 2288 508 2326 quae
534 2275 785 2325 indignatur
810 2273 908 2312 inde
934 2272 1142 2320 excidere,
1170 2284 1255 2323 quo
1282 2271 1469 2310 admissa
1495 2273 1560 2309 est
