1667 2524
572 134 1047 169 APOCOLOCYNTOSIS
1462 133 1515 175 33

306 251 414 309 ῥῖψε
434 251 563 295 ποδὸς
586 251 777 305 τεταγὼν
799 251 887 293 ἀπὸ
905 252 1054 304 βηλοῦ
1071 250 1337 304 θεσπεσίοιο,

112 345 156 381 et
180 341 315 381 iratus
338 341 421 380 fuit
446 341 569 380 uxori
593 344 636 380 et
660 341 884 391 suspendit
909 340 1047 380 illam:
1088 342 1301 392 numquid
1327 342 1515 383 occidit?

112 408 178 447 Tu
200 407 486 456 Messalinam,
512 407 631 446 cuius
660 420 795 458 aeque
825 407 1065 447 avunculus
1087 409 1223 447 maior
1245 422 1362 448 eram
1383 422 1514 460 quam

113 479 228 523 tuus,
258 474 464 514 occidisti.
527 474 751 514 “Nescio’'
781 474 936 525 inquis.
1000 474 1053 513 Di
1083 474 1161 514 tibi
1191 475 1301 515 male
1329 476 1514 515 faciant:

993 528 1098 542 *N

112 541 219 581 adeo
240 541 350 581 istuc
372 541 541 591 turpius
561 546 640 589 est,
663 541 778 592 quod
802 541 989 589 nescisti,
1013 540 1296 592 quam—duod
1300 540 1511 582 occidisti.

111 607 155 647 C.
196 608 420 648 Caesarem
460 621 547 647 non
585 608 713 648 desiit
753 613 973 647 mortuum
1014 608 1225 659 persequi.
1287 608 1512 649 Occiderat
1544 620 1562 648 2

112 674 179 714 ille
203 688 417 715 socerum:
457 674 524 714 hic
548 679 590 715 et
615 687 832 725 generum.
893 674 1026 714 Gaius
1050 674 1189 714 Crassi
1213 675 1348 714 filium
1373 677 1513 716 vetuit

111 741 315 792 Magnum
355 742 521 781 vocari:
576 741 644 781 hic
684 754 840 781 nomen
880 741 938 780 illi
984 741 1185 790 reddidit,
1227 747 1358 792 caput
1398 742 1512 782 tulit.

865 797 1085 804 ...νῆἀῆ-,ψ-,ῇῇ
1105 801 1109 804 ,

111 807 293 858 Occidit*
319 808 383 860 in·
406 822 492 862 una
518 809 690 865 domov
705 804 921 857 Crassum,
966 800 1208 859 Mag-mitiis
1225 802 1512 858 Scriboniam,

174 854 281 870 ,mm-⁶*-

111 874 187 915 tris
216 874 411 915 homines
440 875 636 923 assarios,
668 865 831 915 nobiles
863 879 1024 923 tamen,
1055 875 1255 915 Crassum
1291 889 1391 916 vero
1421 881 1512 916 tam

109 942 295 991 fatuum,
314 946 363 982 ut
381 942 513 982 etiam
532 955 707 992 regnare
725 945 884 992 posset.
947 942 1074 981 Hunc
1093 955 1205 981 nunc
1223 942 1587 990 dfflm-facerewas

111 1008 278 1058 vultis?
295 1049 306 1055 a>
354 1009 467 1049 idete
508 1022 579 1048 cor
848 1009 881 1049 is
917 1008 1037 1048 iratis
1073 1013 1284 1064 UQQQ„
1300 1009 1367 1049 Ad
1399 1024 1512 1049 sum-

110 1088 242 1123 mam,
270 1076 354 1115 tria
381 1075 513 1115 verba
541 1075 784 1125 citou—dicat,
812 1080 858 1125 et*
882 1089 1056 1127 servum
1081 1076 1322 1130 meffiducat.
1384 1077 1511 1117 Hunc
1541 1088 1560 1116 4

340 1126 482 1139 *αὴ-..Μαι
489 1124 526 1130 ·-·<-

278 1137 336 1145 ...ν-

109 1141 892 1195 ᾶ-ςὲῃΕ-,ψᾴε-οολεπζῼηὶᾒςζρᾲεῆῑ]
925 1143 1039 1182 Dum
1077 1142 1184 1201 Q&
1216 1143 1318 1183 deos
1354 1143 1583 1202 QW*

109 1222 235 1248 nemo
253 1222 330 1258 vos
354 1209 456 1256 deos
481 1209 780 1254 efisacrerleL,
815 1210 993 1249 Summa
1019 1210 1092 1257 rei,
1120 1210 1165 1249 P.
1190 1210 1249 1258 C.‚
1272 1210 1306 1249 si
1332 1210 1510 1251 honeste

88 1264 171 1314 'me
203 1276 315 1316 inter
336 1289 412 1315 vos
437 1276 559 1326 gessi,
583 1276 617 1315 si
640 1276 743 1315 nulli
778 1275 932 1315 clarius
959 1277 1172 1327 respondi,
1203 1277 1420 1317 vindicate
1448 1278 1511 1317 in-

108 1342 237 1382 iurias
267 1356 397 1382 meas.
459 1343 549 1393 Ego
581 1356 657 1393 pro
688 1343 902 1382 sententia
925 1356 1020 1383 mea
1042 1342 1121 1382 hoc
1145 1357 1315 1383 censeo:
1336 1345 1344 1361 ’
1377 1348 1509 1395 atque

107 1408 169 1448 ita
202 1422 256 1448 ex
286 1409 445 1449 tabella
471 1409 692 1449 recitavit:
729 1409 925 1460 ‘quando
948 1410 1123 1460 quidem
1147 1410 1284 1449 Divus
1306 1410 1508 1451 Claudius
1538 1419 1557 1447 5

107 1475 262 1515 occidit
303 1489 495 1515 socerum
536 1489 662 1515 suum
702 1476 893 1526 Appium
934 1476 1142 1524 Silanum,
1184 1490 1361 1531 generos
1400 1477 1509 1517 duos

107 1541 311 1592 Magnum
345 1542 599 1593 Pompeium
632 1546 675 1582 et
710 1542 756 1581 L.
792 1542 1000 1590 Silanum,
1036 1556 1229 1582 socerum
1263 1543 1373 1584 filiae
1406 1557 1507 1584 suae

105 1608 304 1648 Crassum
343 1609 486 1659 Frugi,
525 1609 744 1649 hominem
783 1613 875 1649 tam
913 1609 1095 1649 similem
1133 1609 1212 1650 sibi
1253 1623 1385 1661 quam
1423 1624 1506 1650 ovo

105 1687 251 1722 ovum,
278 1675 545 1716 Scriboniam
568 1689 737 1715 socrum
768 1676 878 1716 filiae
903 1689 1018 1725 suae,
1045 1689 1223 1717 uxorem
1249 1690 1372 1717 suam
1398 1677 1506 1717 Mes-

105 1741 287 1781 salinam
304 1747 347 1782 et
367 1747 528 1782 ceteros
546 1756 730 1794 quorum
749 1756 951 1783 numerus
969 1735 1064 1782 iniri
1083 1757 1168 1782 non
1186 1744 1345 1794 potuit,
1364 1744 1505 1794 placet

105 1808 209 1847 mihi
224 1809 267 1848 in
282 1822 380 1849 eum
395 1823 539 1850 severe
555 1810 843 1850 animadverti
860 1824 935 1850 nec
951 1810 1008 1849 illi
1024 1824 1165 1850 rerum
1176 1811 1504 1850 iudicandarum

105 1866 378 1915 {r'a'cfflionem
393 1876 486 1916 dari
508 1889 693 1927 eumque
715 1890 846 1927 quam
869 1877 1056 1927 primum
1073 1878 1292 1928 exportari
1318 1882 1360 1917 et
1389 1877 1503 1917 caelo

104 1940 218 1981 intra
243 1942 422 1994 triginta
446 1930 777 1992 diesfficederffi
805 1943 991 1994 Olympo
1016 1943 1130 1983 intra
1154 1944 1268 1999 diem
1294 1943 1501 1983 tertium.’

160 2008 347 2049 Pedibus
391 2009 434 2048 in
479 2009 589 2049 hanc
634 2010 895 2050 sententiam
940 2011 1050 2050 itum
1094 2015 1172 2050 est.
1234 2003 1322 2050 Nec
1367 2023 1500 2058 mora,
1532 2027 1551 2056 6

103 2074 320 2125 Cyllenius
344 2075 465 2115 illum
491 2076 596 2116 collo
622 2076 797 2116 obtorto
823 2076 957 2116 trahit
983 2077 1037 2116 ad
1062 2076 1219 2116 inferos
1247 2076 1287 2126 [a
1313 2076 1447 2127 caelo]

379 2162 515 2203 ‘unde
536 2167 695 2213 negant
718 2163 851 2203 redire
873 2164 1165 2214 quemquam.'

160 2246 265 2288 XII.
309 2248 423 2288 Dum
461 2249 729 2305 descendunt
768 2262 843 2300 per
880 2249 996 2288 viam
1035 2249 1224 2298 Sacram,
1263 2250 1500 2301 interrogat
1532 2259 1548 2287 1

103 2313 353 2372 Mercurius,
384 2306 487 2367 Quid
519 2315 599 2355 sibi
631 2315 734 2355 velit
765 2308 833 2356 ille
866 2313 1100 2356 concursus*
1124 2315 1363 2365 hominum,
1395 2320 1499 2356 num

322 2390 346 2411 n
867 2389 869 2391 ,
