1667 2524
501 572 551 619 L.
600 571 849 618 ANNAEI
895 571 1181 619 SENECAE

513 698 582 732 AD
616 697 870 732 NERONEM
904 697 1175 731 CAESAREM

623 808 700 848 DE
741 808 1080 849 CLEMENTIA

737 920 879 958 LIBER
912 919 955 957 ΙΙ

116 1036 132 1063 1
203 1021 237 1060 I.
280 1021 339 1060 Ut
375 1020 427 1060 de
464 1019 690 1060 clementia
725 1019 967 1067 scriberem,
1005 1018 1117 1058 Nero
1152 1018 1321 1068 Caesar,
1357 1032 1444 1059 una
1479 1032 1548 1059 me

147 1100 233 1126 vox
252 1091 328 1126 tua
348 1086 535 1125 maxime
556 1085 777 1136 compulit,
799 1098 929 1136 quam
949 1098 1026 1135 ego
1046 1098 1132 1124 non
1151 1085 1240 1125 sine
1260 1085 1547 1125 admiratione

146 1158 203 1201 et,
228 1166 323 1192 cum
345 1153 571 1200 diceretur,
595 1152 763 1191 audisse
785 1151 960 1191 memini
982 1155 1025 1191 et
1046 1151 1201 1191 deinde
1223 1151 1316 1191 aliis
1338 1164 1545 1199 narrasse,

147 1233 296 1259 vocem
329 1232 592 1269 generosam,
626 1218 770 1268 magni
804 1218 950 1265 animi,
983 1210 1165 1268 r'nagnae
1198 1217 1402 1266 lenitatis,
1437 1230 1548 1268 quae

147 1300 232 1325 non
264 1285 502 1336 composita
533 1298 609 1325 nec
640 1284 787 1324 alienis
817 1284 993 1323 auribus
1023 1284 1128 1324 data
1158 1284 1302 1324 subito
1332 1284 1474 1334 erupit
1504 1288 1548 1324 et

146 1353 388 1392 bonitatem
419 1356 541 1391 tuam
573 1364 669 1390 cum
699 1352 875 1390 fortuna
905 1355 982 1391 tua
1012 1350 1254 1401 litigantem
1284 1350 1327 1389 in
1357 1350 1547 1390 medium

147 1419 344 1459 adduxit.
406 1418 796 1458 Animadversurus
822 1418 865 1456 in
892 1417 1079 1457 latrones
1105 1418 1213 1457 duos
1240 1417 1402 1457 Burrus
1427 1430 1548 1468 prae-

146 1486 285 1525 fectus
318 1490 432 1533 tuus,
460 1485 526 1524 vir
556 1485 748 1535 egregius
779 1489 822 1524 et
854 1484 932 1524 tibi
964 1483 1145 1535 principi
1178 1488 1321 1532 natus,
1347 1483 1548 1534 exigebat

147 1566 171 1591 a
192 1556 247 1599 te,
269 1551 485 1599 scriberes,
507 1552 549 1590 in
570 1564 678 1602 quos
697 1555 739 1590 et
759 1564 813 1590 ex
832 1564 918 1601 qua
939 1564 1067 1590 causa
1087 1550 1376 1590 animadverti
1397 1549 1546 1598 velles;

148 1618 226 1657 hoc
252 1631 377 1668 saepe
402 1617 586 1657 dilatum
612 1622 661 1657 ut
687 1617 920 1668 aliquando
947 1617 1080 1664 fieret,
1106 1616 1314 1656 instabat.
1376 1616 1548 1656 Invitus

147 1685 285 1724 invito
317 1698 413 1724 cum
446 1684 640 1724 chartam
671 1683 920 1734 protulisset
952 1684 1242 1734 traderetque,
1273 1683 1548 1723 exclamasti:

102 1758 120 1786 3
147 1751 330 1791 ‘Vellem
376 1751 542 1790 litteras
586 1750 837 1790 nescireml’
913 1749 948 1789 O
992 1750 1166 1800 dignam
1207 1763 1372 1797 vocem,
1417 1762 1549 1800 quam

147 1818 346 1857 audirent
387 1831 535 1857 omnes
574 1821 736 1867 gentes,
779 1830 889 1867 quae
930 1816 1178 1856 Romanum
1219 1816 1446 1866 imperium
1487 1816 1549 1855 in-

149 1884 294 1924 colunt
333 1897 528 1935 quaeque
566 1884 689 1923 iuxta
727 1883 868 1923 iacent
905 1882 1063 1923 dubiae
1101 1882 1314 1922 libertatis
1352 1895 1549 1933 quaeque

148 1964 191 1991 se
234 1955 382 1990 contra
425 1950 588 1989 viribus
630 1954 706 1990 aut
748 1949 902 1989 animis
944 1949 1175 1989 attollunt!
1237 1948 1273 1988 O
1314 1962 1463 1988 vocem
1506 1948 1548 1987 in

150 2018 393 2056 contionem
418 2017 611 2056 omnium
636 2016 884 2055 mortalium
908 2016 1183 2064 mittendam,
1208 2016 1250 2054 in
1276 2015 1394 2063 cuius
1418 2014 1549 2054 verba

149 2084 361 2134 principes
400 2097 602 2134 regesque
640 2084 853 2123 iurarent!
916 2083 951 2123 O
989 2096 1137 2122 vocem
1177 2082 1348 2132 publica
1387 2081 1551 2132 generis

149 2150 325 2189 humani
379 2151 624 2190 innocentia
671 2151 861 2199 dignam,
912 2150 976 2189 cui
1025 2150 1274 2189 redderetur
1320 2149 1550 2199 antiquum

103 2224 122 2251 4
150 2216 251 2256 illud
293 2217 534 2256 saeculum!
597 2217 720 2255 Nunc
761 2217 954 2266 profecto
996 2215 1234 2255 consentire
1273 2214 1455 2255 decebat
1495 2214 1549 2254 ad

151 2296 337 2333 acquum
361 2282 609 2333 bonumque
632 2283 810 2332 expulsa
839 2282 964 2321 alieni
996 2282 1208 2332 cupidine,
1231 2294 1284 2321 ex
1312 2294 1397 2332 qua
1425 2293 1552 2320 omne

151 2349 281 2388 animi
313 2349 474 2388 malum
506 2349 655 2397 oritur,
688 2349 896 2399 pietatem
928 2348 1309 2398 integritatemque
1342 2360 1438 2387 cum
1469 2346 1552 2386 fide

827 2413 869 2444 06

101 1428 119 1456 [Ο
