<?xml version="1.0" encoding="UTF-8"?>
<!DOCTYPE html PUBLIC "-//W3C//DTD XHTML 1.0 Transitional//EN"
    "http://www.w3.org/TR/xhtml1/DTD/xhtml1-transitional.dtd">
<html xmlns="http://www.w3.org/1999/xhtml" xml:lang="en" lang="en">
 <head>
  <title>
</title>
<meta http-equiv="Content-Type" content="text/html;charset=utf-8" />
  <meta name='ocr-system' content='tesseract 3.04.00' />
  <meta name='ocr-capabilities' content='ocr_page ocr_carea ocr_par ocr_line ocrx_word'/>
</head>
<body>
  <div class='ocr_page' id='page_1' title='image "./selectedessayssa00seneuoft_0089.png"; bbox 0 0 1667 2524; ppageno 0'>
   <div class='ocr_carea' id='block_1_1' title="bbox 312 118 1493 160">
    <p class='ocr_par' dir='ltr' id='par_1_1' title="bbox 312 118 1493 160">
     <span class='ocr_line' id='line_1_1' title="bbox 312 118 1493 160; baseline 0.003 -5"><span class='ocrx_word' id='word_1_1' title='bbox 312 121 380 156; x_wconf 92' lang='lat' dir='ltr'>AD</span> <span class='ocrx_word' id='word_1_2' title='bbox 416 120 666 156; x_wconf 86' lang='lat' dir='ltr'><strong>NERONEM</strong></span> <span class='ocrx_word' id='word_1_3' title='bbox 700 121 767 157; x_wconf 90' lang='lat' dir='ltr'>DE</span> <span class='ocrx_word' id='word_1_4' title='bbox 800 120 1093 156; x_wconf 86' lang='lat' dir='ltr'><strong>CLEMENTIA</strong></span> <span class='ocrx_word' id='word_1_5' title='bbox 1128 121 1222 155; x_wconf 83' lang='lat' dir='ltr'><strong>LIB.</strong></span> <span class='ocrx_word' id='word_1_6' title='bbox 1258 122 1274 155; x_wconf 93' lang='grc' dir='ltr'>Ι</span> <span class='ocrx_word' id='word_1_7' title='bbox 1437 118 1493 160; x_wconf 81' lang='grc'>49</span> 
     </span>
    </p>
   </div>
   <div class='ocr_carea' id='block_1_2' title="bbox 85 240 1503 2297">
    <p class='ocr_par' dir='ltr' id='par_1_2' title="bbox 85 240 1503 2289">
     <span class='ocr_line' id='line_1_2' title="bbox 91 240 1492 292; baseline 0 -11"><span class='ocrx_word' id='word_1_8' title='bbox 91 241 320 292; x_wconf 83' lang='lat' dir='ltr'>imperavit</span> <span class='ocrx_word' id='word_1_9' title='bbox 358 246 401 282; x_wconf 90' lang='lat' dir='ltr'>et</span> <span class='ocrx_word' id='word_1_10' title='bbox 440 241 621 281; x_wconf 81' lang='lat' dir='ltr'>Cinnam</span> <span class='ocrx_word' id='word_1_11' title='bbox 660 253 795 281; x_wconf 91' lang='lat' dir='ltr'>unum</span> <span class='ocrx_word' id='word_1_12' title='bbox 834 241 888 281; x_wconf 89' lang='lat' dir='ltr'>ad</span> <span class='ocrx_word' id='word_1_13' title='bbox 926 254 969 281; x_wconf 88' lang='lat' dir='ltr'>se</span> <span class='ocrx_word' id='word_1_14' title='bbox 1008 240 1184 281; x_wconf 75' lang='lat' dir='ltr'>accersit</span> <span class='ocrx_word' id='word_1_15' title='bbox 1222 241 1492 292; x_wconf 80' lang='lat' dir='ltr'>dimissisque</span> 
     </span>
     <span class='ocr_line' id='line_1_3' title="bbox 92 307 1494 358; baseline 0.001 -11"><span class='ocrx_word' id='word_1_16' title='bbox 92 308 291 348; x_wconf 89' lang='lat' dir='ltr'>omnibus</span> <span class='ocrx_word' id='word_1_17' title='bbox 331 322 353 349; x_wconf 92' lang='lat' dir='ltr'>e</span> <span class='ocrx_word' id='word_1_18' title='bbox 394 308 604 357; x_wconf 90' lang='lat' dir='ltr'>cubiculo,</span> <span class='ocrx_word' id='word_1_19' title='bbox 646 321 743 348; x_wconf 91' lang='lat' dir='ltr'>cum</span> <span class='ocrx_word' id='word_1_20' title='bbox 785 307 965 347; x_wconf 89' lang='lat' dir='ltr'>alteram</span> <span class='ocrx_word' id='word_1_21' title='bbox 1006 307 1166 347; x_wconf 83' lang='lat' dir='ltr'>Cinnae</span> <span class='ocrx_word' id='word_1_22' title='bbox 1207 307 1308 358; x_wconf 91' lang='lat' dir='ltr'>poni</span> <span class='ocrx_word' id='word_1_23' title='bbox 1350 308 1494 348; x_wconf 88' lang='lat' dir='ltr'>cathe-</span> 
     </span>
     <span class='ocr_line' id='line_1_4' title="bbox 90 373 1493 425; baseline 0 -11"><span class='ocrx_word' id='word_1_24' title='bbox 90 375 213 415; x_wconf 85' lang='lat' dir='ltr'>dram</span> <span class='ocrx_word' id='word_1_25' title='bbox 248 375 460 415; x_wconf 89' lang='lat' dir='ltr'>iussisset:</span> <span class='ocrx_word' id='word_1_26' title='bbox 519 375 655 415; x_wconf 89' lang='lat' dir='ltr'>‘Hoc&#39;</span> <span class='ocrx_word' id='word_1_27' title='bbox 700 374 841 425; x_wconf 87' lang='lat' dir='ltr'>inquit</span> <span class='ocrx_word' id='word_1_28' title='bbox 886 373 1094 424; x_wconf 88' lang='lat' dir='ltr'>‘primum</span> <span class='ocrx_word' id='word_1_29' title='bbox 1137 388 1162 414; x_wconf 87' lang='lat' dir='ltr'>a</span> <span class='ocrx_word' id='word_1_30' title='bbox 1203 379 1246 415; x_wconf 89' lang='lat' dir='ltr'>te</span> <span class='ocrx_word' id='word_1_31' title='bbox 1290 380 1405 425; x_wconf 89' lang='lat' dir='ltr'>peto,</span> <span class='ocrx_word' id='word_1_32' title='bbox 1442 388 1493 414; x_wconf 94' lang='lat' dir='ltr'>ne</span> 
     </span>
     <span class='ocr_line' id='line_1_5' title="bbox 92 440 1495 493; baseline 0 -13"><span class='ocrx_word' id='word_1_33' title='bbox 92 455 158 482; x_wconf 89' lang='lat' dir='ltr'>me</span> <span class='ocrx_word' id='word_1_34' title='bbox 196 441 442 493; x_wconf 85' lang='lat' dir='ltr'>loquentem</span> <span class='ocrx_word' id='word_1_35' title='bbox 479 441 735 492; x_wconf 76' lang='lat' dir='ltr'>interpelles,</span> <span class='ocrx_word' id='word_1_36' title='bbox 773 454 824 481; x_wconf 90' lang='lat' dir='ltr'>ne</span> <span class='ocrx_word' id='word_1_37' title='bbox 862 440 1002 481; x_wconf 91' lang='lat' dir='ltr'>medio</span> <span class='ocrx_word' id='word_1_38' title='bbox 1038 454 1231 482; x_wconf 86' lang='lat' dir='ltr'>sermone</span> <span class='ocrx_word' id='word_1_39' title='bbox 1269 455 1363 481; x_wconf 90' lang='lat' dir='ltr'>meo</span> <span class='ocrx_word' id='word_1_40' title='bbox 1400 455 1495 492; x_wconf 89' lang='lat' dir='ltr'>pro-</span> 
     </span>
     <span class='ocr_line' id='line_1_6' title="bbox 91 507 1495 559; baseline -0.001 -11"><span class='ocrx_word' id='word_1_41' title='bbox 91 508 268 557; x_wconf 70' lang='lat' dir='ltr'>clames,</span> <span class='ocrx_word' id='word_1_42' title='bbox 330 508 507 548; x_wconf 87' lang='lat' dir='ltr'>dabitur</span> <span class='ocrx_word' id='word_1_43' title='bbox 551 507 630 548; x_wconf 85' lang='lat' dir='ltr'>tibi</span> <span class='ocrx_word' id='word_1_44' title='bbox 678 507 881 558; x_wconf 90' lang='lat' dir='ltr'>loquendi</span> <span class='ocrx_word' id='word_1_45' title='bbox 929 507 1109 547; x_wconf 89' lang='lat' dir='ltr'>liberum</span> <span class='ocrx_word' id='word_1_46' title='bbox 1156 512 1341 559; x_wconf 88' lang='lat' dir='ltr'>tempus.</span> <span class='ocrx_word' id='word_1_47' title='bbox 1404 509 1495 558; x_wconf 79' lang='lat' dir='ltr'>Ego</span> 
     </span>
     <span class='ocr_line' id='line_1_7' title="bbox 92 574 1495 624; baseline -0.001 -10"><span class='ocrx_word' id='word_1_48' title='bbox 92 579 148 623; x_wconf 84' lang='lat' dir='ltr'>te,</span> <span class='ocrx_word' id='word_1_49' title='bbox 170 575 319 624; x_wconf 80' lang='lat' dir='ltr'>Cinna,</span> <span class='ocrx_word' id='word_1_50' title='bbox 343 586 439 615; x_wconf 87' lang='lat' dir='ltr'>cum</span> <span class='ocrx_word' id='word_1_51' title='bbox 466 574 509 613; x_wconf 91' lang='lat' dir='ltr'>in</span> <span class='ocrx_word' id='word_1_52' title='bbox 536 574 725 614; x_wconf 85' lang='lat' dir='ltr'>hostium</span> <span class='ocrx_word' id='word_1_53' title='bbox 752 574 901 615; x_wconf 87' lang='lat' dir='ltr'>castris</span> <span class='ocrx_word' id='word_1_54' title='bbox 927 574 1199 623; x_wconf 84' lang='lat' dir='ltr'>invenissem,</span> <span class='ocrx_word' id='word_1_55' title='bbox 1218 588 1303 614; x_wconf 91' lang='lat' dir='ltr'>non</span> <span class='ocrx_word' id='word_1_56' title='bbox 1329 575 1495 615; x_wconf 82' lang='lat' dir='ltr'>factum</span> 
     </span>
     <span class='ocr_line' id='line_1_8' title="bbox 91 641 1495 691; baseline -0.001 -10"><span class='ocrx_word' id='word_1_57' title='bbox 91 645 266 681; x_wconf 74' lang='lat' dir='ltr'>tantum</span> <span class='ocrx_word' id='word_1_58' title='bbox 296 641 398 680; x_wconf 91' lang='lat' dir='ltr'>mihi</span> <span class='ocrx_word' id='word_1_59' title='bbox 426 641 646 682; x_wconf 90' lang='lat' dir='ltr'>inimicum</span> <span class='ocrx_word' id='word_1_60' title='bbox 674 641 746 681; x_wconf 86' lang='lat' dir='ltr'>sed</span> <span class='ocrx_word' id='word_1_61' title='bbox 776 646 944 689; x_wconf 88' lang='lat' dir='ltr'>natum,</span> <span class='ocrx_word' id='word_1_62' title='bbox 972 641 1156 689; x_wconf 81' lang='lat' dir='ltr'>servavi,</span> <span class='ocrx_word' id='word_1_63' title='bbox 1185 641 1495 691; x_wconf 75' lang='lat' dir='ltr'>patrimonium</span> 
     </span>
     <span class='ocr_line' id='line_1_9' title="bbox 92 707 1496 757; baseline 0.001 -10"><span class='ocrx_word' id='word_1_64' title='bbox 92 707 171 747; x_wconf 89' lang='lat' dir='ltr'>tibi</span> <span class='ocrx_word' id='word_1_65' title='bbox 199 721 323 748; x_wconf 90' lang='lat' dir='ltr'>omne</span> <span class='ocrx_word' id='word_1_66' title='bbox 351 707 550 748; x_wconf 73' lang='lat' dir='ltr'>concessi.</span> <span class='ocrx_word' id='word_1_67' title='bbox 613 707 753 748; x_wconf 90' lang='lat' dir='ltr'>Hodie</span> <span class='ocrx_word' id='word_1_68' title='bbox 780 712 871 747; x_wconf 87' lang='lat' dir='ltr'>tam</span> <span class='ocrx_word' id='word_1_69' title='bbox 899 707 1000 747; x_wconf 81' lang='lat' dir='ltr'>felix</span> <span class='ocrx_word' id='word_1_70' title='bbox 1026 712 1068 747; x_wconf 91' lang='lat' dir='ltr'>et</span> <span class='ocrx_word' id='word_1_71' title='bbox 1096 712 1188 747; x_wconf 89' lang='lat' dir='ltr'>tam</span> <span class='ocrx_word' id='word_1_72' title='bbox 1215 708 1335 748; x_wconf 84' lang='lat' dir='ltr'>dives</span> <span class='ocrx_word' id='word_1_73' title='bbox 1361 722 1419 757; x_wconf 88' lang='lat' dir='ltr'>es,</span> <span class='ocrx_word' id='word_1_74' title='bbox 1447 713 1496 748; x_wconf 89' lang='lat' dir='ltr'>ut</span> 
     </span>
     <span class='ocr_line' id='line_1_10' title="bbox 92 774 1498 825; baseline 0 -11"><span class='ocrx_word' id='word_1_75' title='bbox 92 774 208 814; x_wconf 87' lang='lat' dir='ltr'>victo</span> <span class='ocrx_word' id='word_1_76' title='bbox 237 774 420 814; x_wconf 90' lang='lat' dir='ltr'>victores</span> <span class='ocrx_word' id='word_1_77' title='bbox 449 774 687 814; x_wconf 76' lang='lat' dir='ltr'>invideant.</span> <span class='ocrx_word' id='word_1_78' title='bbox 748 774 1046 814; x_wconf 81' lang='lat' dir='ltr'>Sacerdotium</span> <span class='ocrx_word' id='word_1_79' title='bbox 1074 774 1154 814; x_wconf 91' lang='lat' dir='ltr'>tibi</span> <span class='ocrx_word' id='word_1_80' title='bbox 1183 775 1349 825; x_wconf 88' lang='lat' dir='ltr'>petenti</span> <span class='ocrx_word' id='word_1_81' title='bbox 1377 788 1498 825; x_wconf 85' lang='lat' dir='ltr'>prae-</span> 
     </span>
     <span class='ocr_line' id='line_1_11' title="bbox 92 841 1499 892; baseline 0.001 -12"><span class='ocrx_word' id='word_1_82' title='bbox 92 841 230 880; x_wconf 76' lang='lat' dir='ltr'>teritis</span> <span class='ocrx_word' id='word_1_83' title='bbox 271 841 575 891; x_wconf 80' lang='lat' dir='ltr'>compluribus,</span> <span class='ocrx_word' id='word_1_84' title='bbox 617 854 800 892; x_wconf 90' lang='lat' dir='ltr'>quorum</span> <span class='ocrx_word' id='word_1_85' title='bbox 837 845 1036 891; x_wconf 89' lang='lat' dir='ltr'>parentes</span> <span class='ocrx_word' id='word_1_86' title='bbox 1082 854 1249 882; x_wconf 87' lang='lat' dir='ltr'>mecum</span> <span class='ocrx_word' id='word_1_87' title='bbox 1286 842 1499 882; x_wconf 82' lang='lat' dir='ltr'>militave-</span> 
     </span>
     <span class='ocr_line' id='line_1_12' title="bbox 93 907 1500 956; baseline 0.001 -9"><span class='ocrx_word' id='word_1_88' title='bbox 93 912 205 955; x_wconf 84' lang='lat' dir='ltr'>rant,</span> <span class='ocrx_word' id='word_1_89' title='bbox 223 907 342 952; x_wconf 78' lang='lat' dir='ltr'>dedi:</span> <span class='ocrx_word' id='word_1_90' title='bbox 381 921 478 947; x_wconf 82' lang='lat' dir='ltr'>cum</span> <span class='ocrx_word' id='word_1_91' title='bbox 500 907 556 947; x_wconf 87' lang='lat' dir='ltr'>sic</span> <span class='ocrx_word' id='word_1_92' title='bbox 579 908 631 947; x_wconf 89' lang='lat' dir='ltr'>de</span> <span class='ocrx_word' id='word_1_93' title='bbox 653 912 695 947; x_wconf 89' lang='lat' dir='ltr'>te</span> <span class='ocrx_word' id='word_1_94' title='bbox 725 907 965 956; x_wconf 88' lang='lat' dir='ltr'>meruerim,</span> <span class='ocrx_word' id='word_1_95' title='bbox 988 907 1178 948; x_wconf 86' lang='lat' dir='ltr'>occidere</span> <span class='ocrx_word' id='word_1_96' title='bbox 1202 921 1267 948; x_wconf 89' lang='lat' dir='ltr'>me</span> <span class='ocrx_word' id='word_1_97' title='bbox 1290 908 1500 948; x_wconf 87' lang='lat' dir='ltr'>constitu-</span> 
     </span>
     <span class='ocr_line' id='line_1_13' title="bbox 92 973 1498 1025; baseline 0.001 -11"><span class='ocrx_word' id='word_1_98' title='bbox 92 974 192 1014; x_wconf 59' lang='lat' dir='ltr'>istis</span> <span class='ocrx_word' id='word_1_99' title='bbox 252 974 359 1014; x_wconf 87' lang='lat' dir='ltr'>Cum</span> <span class='ocrx_word' id='word_1_100' title='bbox 382 974 435 1014; x_wconf 88' lang='lat' dir='ltr'>ad</span> <span class='ocrx_word' id='word_1_101' title='bbox 459 973 567 1014; x_wconf 89' lang='lat' dir='ltr'>hanc</span> <span class='ocrx_word' id='word_1_102' title='bbox 591 987 740 1014; x_wconf 90' lang='lat' dir='ltr'>vocem</span> <span class='ocrx_word' id='word_1_103' title='bbox 762 974 1044 1014; x_wconf 80' lang='lat' dir='ltr'>exclamasset</span> <span class='ocrx_word' id='word_1_104' title='bbox 1071 975 1218 1025; x_wconf 87' lang='lat' dir='ltr'>procul</span> <span class='ocrx_word' id='word_1_105' title='bbox 1247 975 1355 1015; x_wconf 89' lang='lat' dir='ltr'>hanc</span> <span class='ocrx_word' id='word_1_106' title='bbox 1379 976 1433 1015; x_wconf 88' lang='lat' dir='ltr'>ab</span> <span class='ocrx_word' id='word_1_107' title='bbox 1455 989 1498 1015; x_wconf 90' lang='lat' dir='ltr'>se</span> 
     </span>
     <span class='ocr_line' id='line_1_14' title="bbox 93 1040 1498 1092; baseline 0.001 -12"><span class='ocrx_word' id='word_1_108' title='bbox 93 1041 240 1081; x_wconf 87' lang='lat' dir='ltr'>abesse</span> <span class='ocrx_word' id='word_1_109' title='bbox 268 1040 554 1081; x_wconf 87' lang='lat' dir='ltr'>dementiam:</span> <span class='ocrx_word' id='word_1_110' title='bbox 602 1041 721 1080; x_wconf 89' lang='lat' dir='ltr'>‘Non</span> <span class='ocrx_word' id='word_1_111' title='bbox 753 1041 966 1091; x_wconf 85' lang='lat' dir='ltr'>praestas’</span> <span class='ocrx_word' id='word_1_112' title='bbox 989 1041 1130 1092; x_wconf 88' lang='lat' dir='ltr'>inquit</span> <span class='ocrx_word' id='word_1_113' title='bbox 1153 1042 1318 1090; x_wconf 83' lang='lat' dir='ltr'>‘fidem,</span> <span class='ocrx_word' id='word_1_114' title='bbox 1341 1042 1498 1091; x_wconf 88' lang='lat' dir='ltr'>Cinna;</span> 
     </span>
     <span class='ocr_line' id='line_1_15' title="bbox 93 1106 1500 1162; baseline 0.001 -15"><span class='ocrx_word' id='word_1_115' title='bbox 93 1112 368 1155; x_wconf 89' lang='lat' dir='ltr'>convenerat,</span> <span class='ocrx_word' id='word_1_116' title='bbox 410 1120 461 1147; x_wconf 94' lang='lat' dir='ltr'>ne</span> <span class='ocrx_word' id='word_1_117' title='bbox 509 1106 867 1158; x_wconf 88' lang='lat' dir='ltr'>interloquereris.</span> <span class='ocrx_word' id='word_1_118' title='bbox 940 1107 1399 1162; x_wconf 31' lang='lat' dir='ltr'>chc&#39;idererinquam,</span> <span class='ocrx_word' id='word_1_119' title='bbox 1431 1121 1500 1149; x_wconf 85' lang='lat' dir='ltr'>me</span> 
     </span>
     <span class='ocr_line' id='line_1_16' title="bbox 93 1173 1498 1224; baseline 0 -11"><span class='ocrx_word' id='word_1_120' title='bbox 93 1174 261 1224; x_wconf 82' lang='lat' dir='ltr'>paras&#39;;</span> <span class='ocrx_word' id='word_1_121' title='bbox 303 1173 457 1214; x_wconf 87' lang='lat' dir='ltr'>adiecit</span> <span class='ocrx_word' id='word_1_122' title='bbox 489 1173 644 1221; x_wconf 84' lang='lat' dir='ltr'>locum,</span> <span class='ocrx_word' id='word_1_123' title='bbox 670 1173 820 1221; x_wconf 70' lang='lat' dir='ltr'>sociOS,</span> <span class='ocrx_word' id='word_1_124' title='bbox 849 1173 978 1223; x_wconf 89' lang='lat' dir='ltr'>diem,</span> <span class='ocrx_word' id='word_1_125' title='bbox 1006 1174 1199 1214; x_wconf 91' lang='lat' dir='ltr'>ordinem</span> <span class='ocrx_word' id='word_1_126' title='bbox 1230 1174 1498 1223; x_wconf 88' lang='lat' dir='ltr'>insidiarum,</span> 
     </span>
     <span class='ocr_line' id='line_1_17' title="bbox 85 1226 1498 1281; baseline 0.001 -1"><span class='ocrx_word' id='word_1_127' title='bbox 85 1226 476 1280; x_wconf 54' lang='lat' dir='ltr'>ffif‘c‘ommissum</span> <span class='ocrx_word' id='word_1_128' title='bbox 511 1245 622 1280; x_wconf 87' lang='lat' dir='ltr'>esset</span> <span class='ocrx_word' id='word_1_129' title='bbox 659 1240 832 1280; x_wconf 90' lang='lat' dir='ltr'>ferrum.</span> <span class='ocrx_word' id='word_1_130' title='bbox 895 1240 951 1280; x_wconf 92' lang='lat' dir='ltr'>Et</span> <span class='ocrx_word' id='word_1_131' title='bbox 989 1253 1087 1280; x_wconf 91' lang='lat' dir='ltr'>cum</span> <span class='ocrx_word' id='word_1_132' title='bbox 1115 1241 1306 1281; x_wconf 88' lang='lat' dir='ltr'>defixum</span> <span class='ocrx_word' id='word_1_133' title='bbox 1333 1241 1498 1281; x_wconf 87' lang='lat' dir='ltr'>videret</span> 
     </span>
     <span class='ocr_line' id='line_1_18' title="bbox 94 1305 1499 1355; baseline 0.001 -10"><span class='ocrx_word' id='word_1_134' title='bbox 94 1320 170 1347; x_wconf 91' lang='lat' dir='ltr'>nec</span> <span class='ocrx_word' id='word_1_135' title='bbox 208 1320 260 1346; x_wconf 86' lang='lat' dir='ltr'>ex</span> <span class='ocrx_word' id='word_1_136' title='bbox 298 1306 583 1347; x_wconf 85' lang='lat' dir='ltr'>conventione</span> <span class='ocrx_word' id='word_1_137' title='bbox 620 1305 720 1355; x_wconf 88' lang='lat' dir='ltr'>iam,</span> <span class='ocrx_word' id='word_1_138' title='bbox 759 1307 831 1347; x_wconf 87' lang='lat' dir='ltr'>sed</span> <span class='ocrx_word' id='word_1_139' title='bbox 870 1320 923 1347; x_wconf 87' lang='lat' dir='ltr'>ex</span> <span class='ocrx_word' id='word_1_140' title='bbox 961 1307 1222 1347; x_wconf 82' lang='lat' dir='ltr'>conscientia</span> <span class='ocrx_word' id='word_1_141' title='bbox 1259 1312 1499 1347; x_wconf 88' lang='lat' dir='ltr'>tacentem:</span> 
     </span>
     <span class='ocr_line' id='line_1_19' title="bbox 94 1372 1501 1432; baseline 0.001 -20"><span class='ocrx_word' id='word_1_142' title='bbox 94 1373 231 1422; x_wconf 84' lang='lat' dir='ltr'>‘Quo&#39;</span> <span class='ocrx_word' id='word_1_143' title='bbox 269 1372 412 1429; x_wconf 82' lang='lat' dir='ltr'>inquit</span> <span class='ocrx_word' id='word_1_144' title='bbox 451 1372 551 1413; x_wconf 84' lang='lat' dir='ltr'>‘hoc</span> <span class='ocrx_word' id='word_1_145' title='bbox 589 1372 733 1412; x_wconf 87' lang='lat' dir='ltr'>animo</span> <span class='ocrx_word' id='word_1_146' title='bbox 771 1372 906 1424; x_wconf 80' lang='lat' dir='ltr'>facis?</span> <span class='ocrx_word' id='word_1_147' title='bbox 960 1378 1008 1413; x_wconf 94' lang='lat' dir='ltr'>ut</span> <span class='ocrx_word' id='word_1_148' title='bbox 1049 1373 1139 1432; x_wconf 89' lang='lat' dir='ltr'>ipse</span> <span class='ocrx_word' id='word_1_149' title='bbox 1175 1374 1231 1413; x_wconf 88' lang='lat' dir='ltr'>sis</span> <span class='ocrx_word' id='word_1_150' title='bbox 1272 1374 1501 1425; x_wconf 82' lang='lat' dir='ltr'>princeps?</span> 
     </span>
     <span class='ocr_line' id='line_1_20' title="bbox 94 1432 1499 1490; baseline 0.001 -12"><span class='ocrx_word' id='word_1_151' title='bbox 94 1432 218 1479; x_wconf 83' lang='lat' dir='ltr'>male</span> <span class='ocrx_word' id='word_1_152' title='bbox 237 1432 497 1479; x_wconf 86' lang='lat' dir='ltr'>mehercules</span> <span class='ocrx_word' id='word_1_153' title='bbox 529 1453 625 1479; x_wconf 90' lang='lat' dir='ltr'>cum</span> <span class='ocrx_word' id='word_1_154' title='bbox 658 1439 817 1490; x_wconf 92' lang='lat' dir='ltr'>populo</span> <span class='ocrx_word' id='word_1_155' title='bbox 850 1434 1050 1479; x_wconf 87' lang='lat' dir='ltr'>Romano</span> <span class='ocrx_word' id='word_1_156' title='bbox 1081 1440 1236 1490; x_wconf 82' lang='lat' dir='ltr'>agitur,</span> <span class='ocrx_word' id='word_1_157' title='bbox 1268 1440 1302 1480; x_wconf 91' lang='lat' dir='ltr'>si</span> <span class='ocrx_word' id='word_1_158' title='bbox 1334 1439 1414 1480; x_wconf 88' lang='lat' dir='ltr'>tibi</span> <span class='ocrx_word' id='word_1_159' title='bbox 1446 1439 1499 1480; x_wconf 87' lang='lat' dir='ltr'>ad</span> 
     </span>
     <span class='ocr_line' id='line_1_21' title="bbox 94 1505 1500 1556; baseline 0.001 -11"><span class='ocrx_word' id='word_1_160' title='bbox 94 1506 395 1556; x_wconf 88' lang='lat' dir='ltr'>imperandum</span> <span class='ocrx_word' id='word_1_161' title='bbox 444 1505 547 1545; x_wconf 88' lang='lat' dir='ltr'>nihil</span> <span class='ocrx_word' id='word_1_162' title='bbox 596 1511 767 1556; x_wconf 87' lang='lat' dir='ltr'>praeter</span> <span class='ocrx_word' id='word_1_163' title='bbox 814 1519 880 1546; x_wconf 88' lang='lat' dir='ltr'>me</span> <span class='ocrx_word' id='word_1_164' title='bbox 928 1507 1088 1546; x_wconf 81' lang='lat' dir='ltr'>obstat.</span> <span class='ocrx_word' id='word_1_165' title='bbox 1151 1507 1340 1546; x_wconf 88' lang='lat' dir='ltr'>Domum</span> <span class='ocrx_word' id='word_1_166' title='bbox 1388 1506 1500 1547; x_wconf 88' lang='lat' dir='ltr'>tueri</span> 
     </span>
     <span class='ocr_line' id='line_1_22' title="bbox 94 1572 1501 1624; baseline 0.001 -13"><span class='ocrx_word' id='word_1_167' title='bbox 94 1577 217 1612; x_wconf 86' lang='lat' dir='ltr'>tuam</span> <span class='ocrx_word' id='word_1_168' title='bbox 242 1586 327 1611; x_wconf 92' lang='lat' dir='ltr'>non</span> <span class='ocrx_word' id='word_1_169' title='bbox 352 1577 489 1623; x_wconf 88' lang='lat' dir='ltr'>potes,</span> <span class='ocrx_word' id='word_1_170' title='bbox 515 1585 652 1623; x_wconf 89' lang='lat' dir='ltr'>nuper</span> <span class='ocrx_word' id='word_1_171' title='bbox 675 1572 862 1613; x_wconf 88' lang='lat' dir='ltr'>libertini</span> <span class='ocrx_word' id='word_1_172' title='bbox 887 1572 1071 1613; x_wconf 92' lang='lat' dir='ltr'>hominis</span> <span class='ocrx_word' id='word_1_173' title='bbox 1096 1573 1235 1623; x_wconf 83' lang='lat' dir='ltr'>gratia</span> <span class='ocrx_word' id='word_1_174' title='bbox 1259 1573 1302 1613; x_wconf 92' lang='lat' dir='ltr'>in</span> <span class='ocrx_word' id='word_1_175' title='bbox 1328 1573 1501 1624; x_wconf 88' lang='lat' dir='ltr'>privato</span> 
     </span>
     <span class='ocr_line' id='line_1_23' title="bbox 94 1639 1499 1691; baseline 0 -13"><span class='ocrx_word' id='word_1_176' title='bbox 94 1639 253 1679; x_wconf 84' lang='lat' dir='ltr'>iudicio</span> <span class='ocrx_word' id='word_1_177' title='bbox 295 1644 525 1689; x_wconf 88' lang='lat' dir='ltr'>superatus</span> <span class='ocrx_word' id='word_1_178' title='bbox 565 1652 631 1688; x_wconf 89' lang='lat' dir='ltr'>es;</span> <span class='ocrx_word' id='word_1_179' title='bbox 690 1640 798 1680; x_wconf 88' lang='lat' dir='ltr'>adeo</span> <span class='ocrx_word' id='word_1_180' title='bbox 842 1639 946 1679; x_wconf 91' lang='lat' dir='ltr'>nihil</span> <span class='ocrx_word' id='word_1_181' title='bbox 989 1640 1157 1680; x_wconf 84' lang='lat' dir='ltr'>facilius</span> <span class='ocrx_word' id='word_1_182' title='bbox 1200 1645 1325 1691; x_wconf 88' lang='lat' dir='ltr'>potes</span> <span class='ocrx_word' id='word_1_183' title='bbox 1368 1653 1499 1691; x_wconf 84' lang='lat' dir='ltr'>quam</span> 
     </span>
     <span class='ocr_line' id='line_1_24' title="bbox 95 1705 1501 1757; baseline 0.001 -12"><span class='ocrx_word' id='word_1_184' title='bbox 95 1710 246 1746; x_wconf 87' lang='lat' dir='ltr'>contra</span> <span class='ocrx_word' id='word_1_185' title='bbox 291 1705 515 1746; x_wconf 86' lang='lat' dir='ltr'>Caesarem</span> <span class='ocrx_word' id='word_1_186' title='bbox 562 1706 787 1746; x_wconf 88' lang='lat' dir='ltr'>advocare.</span> <span class='ocrx_word' id='word_1_187' title='bbox 847 1706 976 1755; x_wconf 86' lang='lat' dir='ltr'>Cedo,</span> <span class='ocrx_word' id='word_1_188' title='bbox 1005 1706 1057 1746; x_wconf 48' lang='lat' dir='ltr'>ssi</span> <span class='ocrx_word' id='word_1_189' title='bbox 1102 1720 1198 1757; x_wconf 91' lang='lat' dir='ltr'>spes</span> <span class='ocrx_word' id='word_1_190' title='bbox 1243 1711 1342 1747; x_wconf 88' lang='lat' dir='ltr'>tuas</span> <span class='ocrx_word' id='word_1_191' title='bbox 1386 1706 1501 1746; x_wconf 91' lang='lat' dir='ltr'>solus</span> 
     </span>
     <span class='ocr_line' id='line_1_25' title="bbox 94 1772 1500 1822; baseline 0.001 -11"><span class='ocrx_word' id='word_1_192' title='bbox 94 1772 296 1822; x_wconf 87' lang='lat' dir='ltr'>impedio,</span> <span class='ocrx_word' id='word_1_193' title='bbox 334 1772 547 1813; x_wconf 89' lang='lat' dir='ltr'>Paulusne</span> <span class='ocrx_word' id='word_1_194' title='bbox 592 1777 635 1813; x_wconf 88' lang='lat' dir='ltr'>te</span> <span class='ocrx_word' id='word_1_195' title='bbox 679 1777 721 1813; x_wconf 90' lang='lat' dir='ltr'>et</span> <span class='ocrx_word' id='word_1_196' title='bbox 758 1772 918 1813; x_wconf 86' lang='lat' dir='ltr'>Fabius</span> <span class='ocrx_word' id='word_1_197' title='bbox 963 1773 1178 1813; x_wconf 82' lang='lat' dir='ltr'>Maximus</span> <span class='ocrx_word' id='word_1_198' title='bbox 1213 1778 1255 1814; x_wconf 89' lang='lat' dir='ltr'>et</span> <span class='ocrx_word' id='word_1_199' title='bbox 1301 1773 1418 1814; x_wconf 90' lang='lat' dir='ltr'>Cossi</span> <span class='ocrx_word' id='word_1_200' title='bbox 1457 1777 1500 1813; x_wconf 92' lang='lat' dir='ltr'>et</span> 
     </span>
     <span class='ocr_line' id='line_1_26' title="bbox 95 1839 1501 1891; baseline 0.001 -13"><span class='ocrx_word' id='word_1_201' title='bbox 95 1839 259 1878; x_wconf 80' lang='lat' dir='ltr'>Servilii</span> <span class='ocrx_word' id='word_1_202' title='bbox 302 1839 438 1879; x_wconf 88' lang='lat' dir='ltr'>ferent</span> <span class='ocrx_word' id='word_1_203' title='bbox 481 1844 742 1891; x_wconf 86' lang='lat' dir='ltr'>tantumque</span> <span class='ocrx_word' id='word_1_204' title='bbox 784 1853 937 1890; x_wconf 82' lang='lat' dir='ltr'>agmen</span> <span class='ocrx_word' id='word_1_205' title='bbox 978 1840 1187 1880; x_wconf 90' lang='lat' dir='ltr'>nobilium</span> <span class='ocrx_word' id='word_1_206' title='bbox 1229 1854 1315 1880; x_wconf 92' lang='lat' dir='ltr'>non</span> <span class='ocrx_word' id='word_1_207' title='bbox 1356 1840 1501 1880; x_wconf 90' lang='lat' dir='ltr'>inania</span> 
     </span>
     <span class='ocr_line' id='line_1_27' title="bbox 95 1904 1501 1957; baseline 0.002 -14"><span class='ocrx_word' id='word_1_208' title='bbox 95 1904 270 1944; x_wconf 88' lang='lat' dir='ltr'>nomina</span> <span class='ocrx_word' id='word_1_209' title='bbox 309 1905 659 1955; x_wconf 83' lang='lat' dir='ltr'>praeferentium,</span> <span class='ocrx_word' id='word_1_210' title='bbox 699 1906 772 1946; x_wconf 90' lang='lat' dir='ltr'>sed</span> <span class='ocrx_word' id='word_1_211' title='bbox 811 1919 974 1955; x_wconf 88' lang='lat' dir='ltr'>eorum,</span> <span class='ocrx_word' id='word_1_212' title='bbox 1015 1906 1088 1957; x_wconf 90' lang='lat' dir='ltr'>qui</span> <span class='ocrx_word' id='word_1_213' title='bbox 1127 1906 1386 1957; x_wconf 79' lang='lat' dir='ltr'>imaginibus</span> <span class='ocrx_word' id='word_1_214' title='bbox 1415 1906 1501 1946; x_wconf 90' lang='lat' dir='ltr'>suis</span> 
     </span>
     <span class='ocr_line' id='line_1_28' title="bbox 94 1971 1501 2023; baseline 0.001 -13"><span class='ocrx_word' id='word_1_215' title='bbox 94 1971 237 2011; x_wconf 89' lang='lat' dir='ltr'>decori</span> <span class='ocrx_word' id='word_1_216' title='bbox 264 1971 401 2011; x_wconf 84' lang='lat' dir='ltr'>sint?&#39;</span> <span class='ocrx_word' id='word_1_217' title='bbox 463 1972 525 2012; x_wconf 87' lang='lat' dir='ltr'>Ne</span> <span class='ocrx_word' id='word_1_218' title='bbox 561 1976 702 2012; x_wconf 88' lang='lat' dir='ltr'>totam</span> <span class='ocrx_word' id='word_1_219' title='bbox 729 1972 819 2012; x_wconf 92' lang='lat' dir='ltr'>eius</span> <span class='ocrx_word' id='word_1_220' title='bbox 847 1973 1086 2013; x_wconf 88' lang='lat' dir='ltr'>orationem</span> <span class='ocrx_word' id='word_1_221' title='bbox 1124 1973 1356 2023; x_wconf 88' lang='lat' dir='ltr'>repetendo</span> <span class='ocrx_word' id='word_1_222' title='bbox 1386 1986 1501 2023; x_wconf 83' lang='lat' dir='ltr'>mag-</span> 
     </span>
     <span class='ocr_line' id='line_1_29' title="bbox 95 2038 1500 2090; baseline 0.002 -14"><span class='ocrx_word' id='word_1_223' title='bbox 95 2050 196 2077; x_wconf 90' lang='lat' dir='ltr'>nam</span> <span class='ocrx_word' id='word_1_224' title='bbox 239 2043 407 2088; x_wconf 89' lang='lat' dir='ltr'>partem</span> <span class='ocrx_word' id='word_1_225' title='bbox 451 2038 682 2078; x_wconf 88' lang='lat' dir='ltr'>voluminis</span> <span class='ocrx_word' id='word_1_226' title='bbox 725 2052 931 2089; x_wconf 86' lang='lat' dir='ltr'>occupem</span> <span class='ocrx_word' id='word_1_227' title='bbox 978 2038 1160 2088; x_wconf 89' lang='lat' dir='ltr'>(diutius</span> <span class='ocrx_word' id='word_1_228' title='bbox 1212 2038 1325 2079; x_wconf 90' lang='lat' dir='ltr'>enim</span> <span class='ocrx_word' id='word_1_229' title='bbox 1370 2052 1500 2090; x_wconf 84' lang='lat' dir='ltr'>quam</span> 
     </span>
     <span class='ocr_line' id='line_1_30' title="bbox 95 2103 1500 2156; baseline 0.001 -13"><span class='ocrx_word' id='word_1_230' title='bbox 95 2104 265 2144; x_wconf 89' lang='lat' dir='ltr'>duabus</span> <span class='ocrx_word' id='word_1_231' title='bbox 300 2103 413 2144; x_wconf 87' lang='lat' dir='ltr'>horis</span> <span class='ocrx_word' id='word_1_232' title='bbox 448 2104 641 2144; x_wconf 86' lang='lat' dir='ltr'>locutum</span> <span class='ocrx_word' id='word_1_233' title='bbox 677 2118 766 2145; x_wconf 88' lang='lat' dir='ltr'>esse</span> <span class='ocrx_word' id='word_1_234' title='bbox 802 2109 988 2154; x_wconf 84' lang='lat' dir='ltr'>constat,</span> <span class='ocrx_word' id='word_1_235' title='bbox 1024 2118 1121 2145; x_wconf 88' lang='lat' dir='ltr'>cum</span> <span class='ocrx_word' id='word_1_236' title='bbox 1157 2104 1266 2146; x_wconf 89' lang='lat' dir='ltr'>hanc</span> <span class='ocrx_word' id='word_1_237' title='bbox 1302 2119 1500 2156; x_wconf 90' lang='lat' dir='ltr'>poenam,</span> 
     </span>
     <span class='ocr_line' id='line_1_31' title="bbox 97 2170 1501 2221; baseline 0.001 -11"><span class='ocrx_word' id='word_1_238' title='bbox 97 2173 183 2221; x_wconf 83' lang='lat' dir='ltr'>q’ua</span> <span class='ocrx_word' id='word_1_239' title='bbox 221 2170 310 2210; x_wconf 86' lang='lat' dir='ltr'>sola</span> <span class='ocrx_word' id='word_1_240' title='bbox 349 2176 440 2211; x_wconf 87' lang='lat' dir='ltr'>erat</span> <span class='ocrx_word' id='word_1_241' title='bbox 481 2175 712 2211; x_wconf 87' lang='lat' dir='ltr'>contentus</span> <span class='ocrx_word' id='word_1_242' title='bbox 751 2171 937 2220; x_wconf 88' lang='lat' dir='ltr'>futurus,</span> <span class='ocrx_word' id='word_1_243' title='bbox 969 2172 1265 2221; x_wconf 88' lang='lat' dir='ltr'>extenderet):</span> <span class='ocrx_word' id='word_1_244' title='bbox 1312 2172 1501 2212; x_wconf 86' lang='lat' dir='ltr'>‘Vitam’</span> 
     </span>
     <span class='ocr_line' id='line_1_32' title="bbox 92 2237 1503 2297; baseline 0.003 -21.011"><span class='ocrx_word' id='word_1_245' title='bbox 92 2237 237 2297; x_wconf 87' lang='lat' dir='ltr'>inquit</span> <span class='ocrx_word' id='word_1_246' title='bbox 267 2237 382 2287; x_wconf 85' lang='lat' dir='ltr'>‘tibi,</span> <span class='ocrx_word' id='word_1_247' title='bbox 411 2237 560 2287; x_wconf 86' lang='lat' dir='ltr'>Cinna,</span> <span class='ocrx_word' id='word_1_248' title='bbox 588 2237 745 2278; x_wconf 85' lang='lat' dir='ltr'>iterum</span> <span class='ocrx_word' id='word_1_249' title='bbox 773 2239 843 2287; x_wconf 89' lang='lat' dir='ltr'>do,</span> <span class='ocrx_word' id='word_1_250' title='bbox 872 2239 989 2289; x_wconf 87' lang='lat' dir='ltr'>prius</span> <span class='ocrx_word' id='word_1_251' title='bbox 1025 2238 1152 2287; x_wconf 90' lang='lat' dir='ltr'>hosti,</span> <span class='ocrx_word' id='word_1_252' title='bbox 1182 2252 1294 2280; x_wconf 91' lang='lat' dir='ltr'>nunc</span> <span class='ocrx_word' id='word_1_253' title='bbox 1330 2239 1503 2280; x_wconf 87' lang='lat' dir='ltr'>insidia-</span> 
     </span>
    </p>
   </div>
   <div class='ocr_carea' id='block_1_3' title="bbox 97 2303 1503 2401">
    <p class='ocr_par' dir='ltr' id='par_1_3' title="bbox 97 2303 1503 2401">
     <span class='ocr_line' id='line_1_33' title="bbox 97 2303 1503 2355; baseline 0.003 -12"><span class='ocrx_word' id='word_1_254' title='bbox 97 2303 180 2344; x_wconf 89' lang='lat' dir='ltr'>tori</span> <span class='ocrx_word' id='word_1_255' title='bbox 216 2318 263 2344; x_wconf 88' lang='lat' dir='ltr'>ac</span> <span class='ocrx_word' id='word_1_256' title='bbox 299 2304 548 2355; x_wconf 80' lang='lat' dir='ltr'>parricidae.</span> <span class='ocrx_word' id='word_1_257' title='bbox 611 2304 677 2343; x_wconf 91' lang='lat' dir='ltr'>Ex</span> <span class='ocrx_word' id='word_1_258' title='bbox 712 2304 918 2345; x_wconf 89' lang='lat' dir='ltr'>hodierno</span> <span class='ocrx_word' id='word_1_259' title='bbox 953 2305 1020 2346; x_wconf 91' lang='lat' dir='ltr'>die</span> <span class='ocrx_word' id='word_1_260' title='bbox 1055 2305 1168 2346; x_wconf 89' lang='lat' dir='ltr'>inter</span> <span class='ocrx_word' id='word_1_261' title='bbox 1201 2319 1278 2346; x_wconf 92' lang='lat' dir='ltr'>nos</span> <span class='ocrx_word' id='word_1_262' title='bbox 1313 2306 1503 2347; x_wconf 83' lang='lat' dir='ltr'>amicitia</span> 
     </span>
     <span class='ocr_line' id='line_1_34' title="bbox 322 2381 342 2401; baseline 0 0"><span class='ocrx_word' id='word_1_263' title='bbox 322 2381 342 2401; x_wconf 86' lang='lat' dir='ltr'><strong>E</strong></span> 
     </span>
    </p>
   </div>
   <div class='ocr_carea' id='block_1_4' title="bbox 1533 1253 1570 1282">
    <p class='ocr_par' dir='ltr' id='par_1_4' title="bbox 1533 1253 1570 1282">
     <span class='ocr_line' id='line_1_35' title="bbox 1533 1253 1570 1282; baseline 0.027 -1"><span class='ocrx_word' id='word_1_264' title='bbox 1533 1253 1570 1282; x_wconf 92' lang='lat'>10</span> 
     </span>
    </p>
   </div>
   <div class='ocr_carea' id='block_1_5' title="bbox 1534 1978 1569 2007">
    <p class='ocr_par' dir='ltr' id='par_1_5' title="bbox 1534 1978 1569 2007">
     <span class='ocr_line' id='line_1_36' title="bbox 1534 1978 1569 2007; baseline 0 0"><span class='ocrx_word' id='word_1_265' title='bbox 1534 1978 1569 2007; x_wconf 92' lang='lat'>11</span> 
     </span>
    </p>
   </div>
  </div>
 </body>
</html>
