1667 2524
561 106 1034 141 APOCOLOCYNTOSIS
1447 107 1501 147 37

98 225 216 266 illum
266 227 357 277 pati
407 230 638 277 oporteret.
700 226 837 266 Erant
887 227 960 277 qui
1009 226 1214 275 dicerent,
1265 227 1499 278 Sisyphum

96 292 170 332 diu
197 292 382 332 laturam
407 293 568 341 fecisse,
594 292 829 332 Tantalum
854 293 925 332 siti
951 293 1192 343 periturum
1218 293 1298 332 nisi
1324 294 1381 332 illi
1407 307 1499 334 suc-

98 363 350 407 curreretur,
385 359 618 410 aliquando
654 359 818 398 Ixionis
853 359 994 398 miseri
1030 363 1170 399 rotam
1206 359 1499 400 sufflaminan-

96 425 212 465 dam.
273 425 370 464 Non
399 425 562 476 placuit
592 425 665 464 ulli
696 439 750 465 ex
779 425 998 465 veteribus
1028 425 1275 465 missionem
1306 426 1415 475 dari,
1448 441 1500 467 ne
1531 441 1550 468 4

98 491 163 531 vel
205 491 408 531 Claudius
449 504 657 543 umquam
698 491 833 531 simile
864 496 1068 542 speraret.
1130 492 1299 532 Placuit
1342 507 1501 533 novam

98 571 281 609 poenam
312 558 516 598 constitui
545 558 712 606 debere,
731 558 1067 609 excogitandum
1096 558 1154 597 illi
1184 558 1374 599 laborem
1403 560 1502 598 inri-

103 629 196 664 tum
215 629 258 665 et
278 624 456 664 alicuius
477 625 727 675 cupiditatis
746 638 866 676 spem
885 625 975 665 sine
995 625 1077 665 fine
1096 630 1139 665 et
1159 625 1329 665 effectu.
1391 626 1501 666 Tum

101 691 265 731 Aeacus
296 691 416 731 iubet
447 691 566 731 illum
598 691 690 731 alea
722 692 865 732 ludere
896 696 1071 742 pertuso
1102 691 1264 732 fritillo.
1327 693 1384 732 Et
1415 693 1501 732 iam

100 762 298 808 coeperat
326 758 539 809 fugientes
567 771 734 809 semper
762 763 943 798 tesseras
971 771 1174 809 quaerere
1201 763 1244 799 et
1273 758 1377 798 nihil
1406 772 1502 810 pro-

98 824 242 864 ficere:

155 934 250 975 XV.
284 935 396 975 Nam
419 935 619 987 quotiens
640 936 847 976 missurus
868 940 960 976 erat
984 940 1212 976 resonante
1234 936 1398 986 fritillo,
1535 947 1554 978 1

285 1007 469 1053 utraque
490 1002 704 1042 subducto
726 1002 920 1053 fugiebat
943 1007 1102 1043 tessera
1124 1003 1273 1043 fundo.

282 1068 476 1120 Cumque
498 1068 743 1109 recollectos
765 1069 943 1109 auderet
965 1070 1137 1109 mittere
1160 1070 1284 1117 talos,

285 1135 429 1175 lusuro
451 1136 599 1175 similis
622 1149 789 1187 semper
810 1149 1062 1187 semperque
1085 1137 1265 1187 petenti,

286 1202 488 1253 decepere
516 1203 665 1242 fidem:
704 1203 860 1253 refugit
882 1203 1127 1253 digitosque
1150 1216 1224 1253 per
1245 1203 1360 1253 ipsos

282 1268 416 1308 fallax
436 1270 617 1309 adsiduo
638 1269 845 1309 dilabitur
866 1269 958 1309 alea
976 1270 1106 1309 furto.

287 1336 354 1377 Sic
378 1350 474 1376 cum
496 1336 581 1376 iam
604 1337 760 1376 summi
783 1341 1024 1387 tanguntur
1048 1335 1234 1375 culmina
1256 1336 1430 1384 montis,

285 1401 416 1443 inrita
438 1403 638 1454 Sisyphio
661 1403 899 1443 volvuntur
920 1403 1111 1454 pondera
1136 1402 1256 1442 collo.

100 1513 315 1565 Apparuit
344 1513 488 1554 subito
517 1513 561 1554 C.
592 1514 748 1554 Caesar
776 1518 819 1554 et
849 1518 994 1564 petere
1025 1513 1144 1553 illum
1175 1514 1217 1552 in
1248 1513 1504 1553 servitutem
1536 1519 1555 1549 2

102 1580 262 1631 coepit;
300 1581 499 1631 producit
526 1585 671 1629 testes,
695 1580 768 1632 qui
790 1580 910 1620 illum
933 1580 1132 1620 viderant
1154 1580 1209 1619 ab
1232 1580 1323 1630 ipso
1347 1579 1502 1629 flagris,

100 1646 258 1695 ferulis,
301 1646 491 1697 colaphis
532 1646 828 1698 vapulantem.
889 1646 1178 1686 Adiudicatur
1216 1646 1261 1685 C.
1311 1645 1503 1694 Caesari;

101 1712 256 1753 Caesar
298 1712 417 1752 illum
461 1713 602 1753 Aeaco
646 1713 796 1753 donat.
860 1712 902 1752 Is
947 1711 1184 1754 Menandro
1230 1711 1384 1751 liberto
1426 1724 1504 1751 suo

103 1778 297 1827 tradidit,
319 1782 369 1819 ut
391 1791 416 1818 a
440 1778 757 1829 cognitionibus
778 1782 903 1819 esset.
