1667 2524
176 137 228 180 78
615 141 654 174 L.
690 141 884 174 ANNAEI
918 141 1145 178 SENECAE

173 261 284 301 Illud
312 261 561 302 etiamnunc
589 260 739 301 melius
765 261 931 300 dictum
959 273 983 299 a
1011 264 1053 300 te
1080 273 1166 299 non
1193 259 1458 310 praeteribo:

368 352 375 368 ‘
396 349 499 388 Dari
520 349 684 388 bonum
705 349 820 400 quod
842 349 998 400 potuit,
1023 349 1179 388 auferri
1201 351 1374 399 potest.7

171 439 266 478 Hoc
288 452 374 478 non
396 439 562 489 imputo
586 438 626 476 in
649 438 859 477 solutum:
890 438 987 477 dedi
1009 438 1060 478 de
1083 442 1159 478 tuo
1181 438 1272 478 tibi.
1335 438 1473 478 VALE.

642 588 927 628 EPISTULA
967 587 1097 627 XVII

492 688 673 729 SENECA
703 687 892 727 LUCILIO
922 699 1008 727 suo
1038 699 1247 727 SALUTEM

125 805 141 833 1
226 789 373 830 Proice
413 789 557 829 omnia
596 788 693 837 ista,
734 788 768 827 si
808 788 935 838 sapis,
976 788 1107 827 immo
1147 792 1196 828 ut
1236 789 1391 839 sapias,
1431 793 1474 830 et
1514 790 1567 831 ad

170 857 330 897 bonam
374 860 563 896 mentem
608 868 765 905 magno
811 867 934 894 cursu
978 867 1027 894 ac
1071 855 1175 894 totis
1218 854 1381 896 viribus
1425 857 1567 897 tende.

170 924 212 965 Si
249 923 352 975 quid
388 927 466 971 est,
504 935 589 973 quo
626 922 796 970 teneris,
833 925 909 961 aut
944 921 1098 972 expedi
1133 925 1210 961 aut
1246 921 1397 962 incide.
1458 923 1568 963 ‘Mo-

170 987 309 1028 ratur’
332 987 474 1038 inquis
500 987 589 1026 ‘me
616 999 680 1025 res
706 985 948 1025 familiaris:
975 986 1033 1024 sic
1060 985 1177 1025 illam
1202 985 1427 1036 disponere
1454 987 1567 1036 volo,

170 1059 219 1095 ut
239 1054 428 1094 sufficere
448 1045 552 1092 nihil
573 1053 716 1103 agenti
737 1052 885 1102 possit,
907 1065 958 1091 ne
978 1056 1054 1091 aut
1074 1056 1307 1102 paupertas
1327 1053 1431 1092 mihi
1451 1054 1567 1094 oneri

122 1132 141 1161 2
170 1122 225 1161 sit
257 1125 333 1160 aut
365 1133 442 1171 ego
474 1119 629 1158 alicui.'
688 1119 796 1158 Cum
828 1118 907 1157 hoc
939 1118 1057 1166 dicis,
1092 1131 1177 1157 non
1209 1119 1366 1159 videris
1398 1119 1487 1159 Vim
1519 1134 1567 1161 ac

169 1188 412 1239 potentiam
451 1187 554 1234 eius,
590 1186 643 1226 de
678 1198 763 1237 quo
800 1185 975 1243 cogitas,
1011 1184 1111 1224 boni
1147 1198 1282 1225 nosse.
1362 1186 1419 1226 Et
1454 1200 1567 1227 sum-

170 1268 286 1294 mam
320 1254 494 1305 quidem
529 1253 585 1292 rei
620 1252 830 1303 pervides,
865 1256 1079 1302 quantum
1113 1251 1384 1302 philosophia
1417 1254 1567 1304 prosit,

169 1325 314 1372 partes
351 1325 497 1360 autem
535 1319 729 1359 nondum
766 1319 871 1358 satis
907 1318 1124 1358 subtiliter
1159 1318 1344 1369 dispicis,
1383 1320 1567 1360 necdum

169 1388 263 1436 scis,
294 1392 508 1438 quantum
538 1386 698 1437 ubique
727 1399 804 1424 nos
833 1385 1024 1433 adiuvet,
1055 1385 1423 1435 quemadmodum
1452 1391 1496 1426 et
1524 1387 1568 1426 in

169 1454 382 1501 maximis,
410 1457 458 1493 ut
489 1453 702 1492 Ciceronis
732 1456 832 1491 utar
856 1451 1002 1500 verbo,
1030 1452 1267 1502 opituletur
1300 1452 1376 1503 (et)
1411 1453 1454 1492 in
1491 1454 1568 1492 mi-

169 1521 286 1560 nima
307 1520 554 1560 descendat.
616 1518 719 1557 Mihi
743 1519 878 1566 crede,
901 1518 1067 1558 advoca
1099 1518 1215 1557 illam
1247 1519 1290 1557 in
1323 1519 1567 1560 consilium:

122 1597 141 1626 3
170 1587 369 1627 suadebit
391 1586 484 1634 tibi,
508 1599 559 1625 ne
589 1585 642 1625 ad
674 1585 857 1624 calculos
879 1585 1038 1624 sedeas.
1102 1584 1266 1636 Nempe
1295 1585 1375 1625 hoc
1397 1587 1567 1637 quaeris

168 1658 211 1693 et
243 1653 322 1692 hoc
354 1653 437 1692 ista
468 1652 674 1692 dilatione
706 1652 770 1691 vis
803 1652 1018 1702 consequi,
1052 1665 1103 1692 ne
1136 1651 1213 1691 tibi
1246 1657 1481 1702 paupertas
1516 1653 1568 1693 ti-

169 1720 325 1760 menda
357 1719 434 1759 sit:
483 1719 585 1770 quid
619 1719 652 1758 si
685 1718 931 1769 adpetenda
962 1719 1058 1758 est?
1116 1718 1264 1758 Multis
1296 1719 1349 1758 ad
1383 1719 1568 1770 philoso-

169 1786 393 1837 phandum
441 1785 646 1825 obstitere
694 1786 892 1834 divitiae;
956 1790 1189 1836 paupertas
1236 1786 1440 1836 expedita
1486 1791 1564 1835 est,

169 1866 316 1892 secura
338 1856 416 1892 est.
476 1852 584 1891 Cum
609 1852 831 1892 classicum
856 1853 1021 1898 cecinit,
1045 1853 1124 1892 scit
1147 1865 1232 1892 non
1255 1865 1298 1892 se
1319 1853 1430 1903 peti,·
1469 1866 1566 1892 cum

169 1919 324 1970 ‘aqua'
349 1919 618 1958 conclamata
638 1924 717 1967 est,
740 1919 957 1970 quomodo
987 1923 1127 1967 exeat,
1150 1932 1235 1958 non
1266 1919 1369 1970 quid
1400 1919 1565 1968 efferat,

169 1986 358 2036 quaerit,
401 1985 483 2036 [ut]
506 1986 539 2025 si
563 1986 858 2035 navigandum
881 1990 959 2034 est,
983 1999 1068 2025 non
1092 1986 1293 2036 strepitat
1317 1990 1467 2036 portus
1490 1999 1566 2026 nec

169 2052 295 2091 unius
339 2052 549 2092 comitatu
593 2053 786 2103 inquieta
830 2056 931 2092 sunt
974 2052 1112 2091 litora.
1174 2052 1271 2091 Non
1316 2053 1566 2092 circumstat

170 2118 288 2158 illum
310 2119 439 2158 turba
460 2132 695 2167 servorum,
718 2119 771 2158 ad
794 2132 901 2170 quos
922 2119 1158 2169 pascendos
1180 2119 1566 2159 transmarinarum

124 2195 142 2222 4
170 2185 390 2235 regionum
407 2190 471 2226 est
489 2186 683 2236 optanda
700 2185 911 2225 fertilitas.
974 2185 1114 2225 Facile
1131 2190 1195 2225 est
1218 2198 1389 2236 pascere
1406 2198 1566 2236 paucos

170 2256 342 2291 ventres
362 2256 405 2291 et
426 2251 533 2292 bene
554 2252 778 2291 institutos
797 2256 840 2291 et
861 2251 964 2291 nihil
986 2251 1101 2291 aliud
1122 2252 1414 2292 desiderantes
1434 2263 1566 2303 quain

170 2317 348 2368 impleri.
411 2318 550 2357 Parvo
582 2319 718 2358 fames
751 2322 935 2366 constat,
969 2331 1125 2367 magno
1157 2318 1394 2358 fastidium.
1456 2318 1566 2357 Pau-
