1667 2524
332 137 399 169 AD
435 135 687 171 NERONEM
722 135 789 169 DE
824 135 1117 169 CLEMENTIA
1151 136 1247 169 LIB.
1283 137 1300 169 I
1347 136 1350 138 ’
1463 132 1514 173 51

117 255 392 306 vergentibus
404 269 413 305 ;
476 255 520 295 in
568 254 859 295 adulescentia
907 254 1052 303 caluit,
1102 254 1205 294 arsit
1253 254 1329 303 ira,
1380 255 1517 294 multa

116 322 231 371 fecit,
268 323 321 362 ad
366 335 476 373 quae
519 321 683 361 invitus
718 321 863 361 oculos
906 321 1198 372 retorquebat.
1259 321 1516 371 Comparare

116 402 241 429 nemo
295 387 616 428 mansuetudini
668 392 770 428 tuae
823 387 999 428 audebit
1052 387 1203 428 divum
1256 388 1516 438 Augustum,

115 455 247 496 etiam
294 455 328 495 si
374 455 418 494 in
466 459 683 495 certamen
730 453 982 494 iuvenilium
1031 467 1241 493 annorum
1289 454 1516 494 deduxerit

115 525 382 562 senectutem
420 521 516 572 plus
556 533 687 573 quam
726 524 943 560 maturam
955 534 964 569 ;
1018 520 1147 560 fuerit
1188 520 1436 560 moderatus
1473 524 1516 560 et

115 588 313 636 clemens,
357 600 511 638 nempe
554 592 651 638 post
697 600 812 627 mare
856 586 1083 627 Actiacum
1127 587 1326 627 Romano
1371 600 1518 627 cruore

114 654 337 703 infectum,
375 667 529 704 nempe
565 658 662 704 post
699 653 859 693 fractas
894 653 938 692 in
974 653 1115 693 Sicilia
1151 653 1305 693 classes
1340 658 1382 693 et
1419 666 1518 693 suas

114 724 156 760 et
189 720 363 768 alienas⁷
395 733 549 770 nempe
581 724 678 770 post
712 719 938 760 Perusinas
970 733 1065 760 aras
1095 724 1138 760 et
1171 720 1516 770 proscriptiones.

116 787 207 837 Ego
250 800 352 827 vero
396 786 670 826 clementiam
714 800 800 825 non
844 799 951 826 voco
995 786 1152 825 lassam
1196 786 1495 826 crudelitatem
1508 799 1517 835 ;

115 852 218 894 haec
261 857 340 901 est,
383 853 551 901 Caesar,
595 852 822 893 clementia
864 866 980 901 vera,
1031 866 1162 903 quam
1211 857 1260 892 tu
1310 857 1520 903 praesta&

116 932 226 970 quae
268 932 355 959 non
397 919 604 959 saevitiae
647 919 916 970 paenitentia
959 919 1113 969 coepit,
1157 919 1319 958 nullam
1362 918 1519 959 habere

116 986 344 1034 maculam,
390 999 630 1037 numquam
675 985 842 1026 civilem
886 986 1139 1036 sanguinem
1182 986 1342 1026 fudisse
1355 999 1363 1034 ;
1414 985 1518 1026 haec

114 1056 178 1093 est
220 1052 264 1094 in
306 1052 496 1092 maxima
537 1056 755 1103 potestate
796 1052 1018 1092 verissima
1058 1052 1189 1092 animi
1230 1052 1519 1103 temperantia

114 1123 157 1159 et
194 1118 373 1158 humani
408 1118 573 1169 generis
601 1119 911 1169 comprendens
939 1123 987 1158 ut
1024 1118 1088 1158 sui
1125 1132 1246 1158 amor
1280 1132 1366 1157 non
1403 1118 1520 1169 cupi-

115 1185 254 1225 ditate
285 1185 443 1236 aliqua,
475 1198 561 1224 non
591 1185 837 1225 temeritate
867 1185 1038 1235 ingenii,
1070 1198 1155 1224 non
1186 1185 1375 1235 priorum
1406 1184 1520 1235 prin-

116 1251 260 1302 cipum
293 1252 500 1302 exemplis
535 1256 800 1302 corruptum,
836 1256 1050 1302 quantum
1084 1251 1163 1291 sibi
1197 1251 1240 1290 in
1275 1251 1387 1291 cives
1421 1264 1519 1291 suos

117 1318 257 1367 liceat,
289 1318 549 1368 experiendo
583 1322 813 1368 temptare,
837 1318 909 1358 sed
946 1317 1149 1358 hebetare
1185 1318 1319 1357 aciem
1353 1317 1519 1369 imperii

115 1384 193 1425 sui.
255 1384 530 1433 Praestitisti,
565 1385 734 1433 Caesar,
770 1384 993 1424 civitatem
1027 1384 1311 1433 incruentam,
1346 1389 1388 1424 et
1424 1384 1517 1433 hoc,

116 1451 232 1502 quod
276 1464 431 1501 magno
474 1451 617 1490 animo
659 1451 865 1501 gloriatus
906 1464 950 1491 es
992 1451 1154 1490 nullam
1196 1455 1239 1491 te
1281 1455 1376 1490 toto
1419 1451 1520 1491 orbe

115 1517 276 1557 stillam
296 1517 456 1557 cruoris
476 1516 654 1556 humani
676 1517 850 1565 misisse,
871 1530 920 1557 eo
942 1517 1078 1556 maius
1097 1522 1161 1557 est
1184 1517 1519 1568 mirabiliusque,

116 1584 231 1635 quod
258 1583 362 1622 nulli
388 1596 598 1634 umquam
625 1583 751 1623 citius
775 1583 942 1633 gladius
968 1583 1220 1623 commissus
1244 1587 1322 1623 est.

171 1649 410 1690 Clementia
447 1663 546 1700 ergo
585 1663 671 1689 non
709 1654 884 1689 tantum
924 1649 1188 1690 honestiores
1226 1650 1299 1690 sed
1338 1650 1520 1690 tutiores

116 1720 309 1768 praestat
348 1720 739 1767 ornamentumque
776 1716 1053 1767 imperiorum
1089 1720 1153 1756 est
1191 1716 1317 1756 simul
1354 1721 1396 1756 et
1435 1730 1521 1757 cer-

117 1783 284 1823 tissima
330 1783 457 1822 salus.
519 1783 631 1832 Quid
678 1782 792 1823 enim
839 1787 918 1831 est,
951 1796 1026 1823 cur
1064 1796 1180 1833 reges
1220 1783 1519 1823 consenuerint

118 1849 345 1900 liberisque
387 1863 435 1890 ac
477 1849 708 1900 nepotibus
749 1849 1006 1889 tradiderint
1050 1863 1192 1899 regna,
1235 1854 1520 1900 tyrannorum

117 1916 389 1956 exsecrabilis
420 1929 468 1956 ac
500 1916 641 1956 brevis
672 1920 865 1966 potestas
900 1916 987 1955 sit?
1046 1915 1158 1964 Quid
1195 1915 1372 1955 interest
1410 1915 1523 1956 inter

118 1987 355 2034 tyrannum
377 1996 424 2023 ac
448 1996 587 2033 regem
613 1983 790 2033 (species
811 1982 924 2023 enim
946 1982 1038 2033 ipsa
1059 1982 1258 2022 fortunae
1280 1995 1327 2021 ac
1349 1981 1521 2021 licentia

119 2063 198 2100 par
221 2050 321 2099 est),
348 2049 427 2089 nisi
454 2050 569 2100 quod
595 2049 771 2100 tyranni
796 2049 839 2088 in
866 2049 1139 2100 voluptatem
1164 2048 1378 2097 saeviunt,
1405 2061 1521 2098 reges

119 2129 205 2155 non
226 2115 305 2156 nisi
325 2129 377 2156 ex
398 2129 527 2156 causa
547 2130 595 2156 ac
616 2116 902 2156 necessitate?

175 2183 279 2222 XII.
322 2182 456 2231 ‘Quid
477 2184 607 2233 ergo?
640 2183 737 2222 Non
765 2196 881 2233 reges
909 2195 1081 2234 quoque
1113 2181 1303 2222 occidere
1330 2182 1519 2222 solent?’

121 2249 203 2289 Sed
231 2248 429 2299 quotiens
455 2248 497 2289 id
526 2249 614 2289 fieri
642 2249 814 2300 publica
840 2249 1005 2289 utilitas
1032 2249 1283 2300 persuadet;
1325 2248 1521 2300 tyrannis

121 2315 303 2355 saevitia
330 2315 446 2356 cordi
472 2320 549 2356 est.
611 2316 838 2369 Tyrannus
866 2320 1012 2357 autem
1039 2329 1064 2357 a
1091 2329 1185 2368 rege
1212 2315 1338 2356 factis
1371 2315 1520 2365 distat,
