1667 2524
383 156 452 190 AD
486 155 731 190 LUCILIUM
764 155 1010 190 EPISTULA
1044 155 1214 188 LXXIII
1439 151 1494 191 89

96 275 184 315 Nec
221 274 355 314 ullum
394 273 525 314 habet
563 273 724 313 malum
764 274 977 324 cupiditas
1015 274 1167 321 maius,
1207 286 1339 325 quam
1378 274 1493 325 quod

94 342 263 392 ingrata
296 345 374 381 est.
435 340 567 380 Adice
600 353 727 388 nunc,
762 340 877 391 quod
912 353 1036 379 nemo
1070 353 1232 388 eorum,
1267 340 1340 391 qui
1375 340 1417 379 in
1452 353 1494 380 re

95 407 266 459 publica
302 410 542 454 versantur,
579 410 686 457 quot
722 406 882 454 vincat,
919 406 991 446 sed
1027 419 1052 445 a
1087 406 1244 457 quibus
1280 406 1494 453 vincatur,

94 473 291 524 adspicit.
359 473 410 513 Et
440 473 520 512 illis
548 486 633 511 non
663 476 754 512 tam
783 470 1018 512 iucundum
1047 477 1111 512 est
1140 472 1299 512 multos
1328 478 1426 523 post
1452 486 1495 512 se

95 540 238 580 videre
268 552 400 590 quam
429 552 559 590 grave
588 538 774 590 aliquem
805 543 906 578 ante
935 552 991 578 se.
1054 538 1199 578 Habet
1229 538 1309 578 hoc
1339 539 1495 578 vitium

94 606 232 646 omnis
266 606 468 645 ambitio:
518 619 604 645 non
639 605 823 655 respicit.
886 605 973 645 Nec
1008 605 1189 645 ambitio
1224 610 1399 645 tantum
1434 606 1496 644 in-

94 672 259 713 stabilis
291 676 370 720 est,
404 685 553 712 verum
588 672 802 722 cupiditas
834 672 987 720 omnis,
1010 672 1112 723 quia
1145 672 1296 722 incipit
1329 685 1497 722 semper

94 752 118 778 a
158 739 253 778 fine.
315 738 373 778 At
412 738 480 778 ille
520 738 585 778 vir
623 738 811 778 sincerus
851 751 899 777 ac
939 751 1086 788 purus,
1127 739 1199 789 qui
1241 738 1413 789 reliquit
1453 742 1496 778 et

93 805 254 846 curiam
286 809 328 845 et
362 804 502 844 forum
534 809 577 844 et
610 817 781 844 omnem
814 804 1234 844 administrationem
1268 804 1325 844 rei
1358 804 1496 855 publi-

93 885 180 919 cae,
213 875 261 910 ut
294 871 347 911 ad
381 871 590 921 ampliora
620 871 850 919 secederet,
883 871 1020 921 diligit
1053 884 1138 919 eos,
1172 884 1247 921 per
1277 884 1384 922 quos
1416 870 1495 910 hoc

92 937 129 978 ei
160 937 297 978 facere
328 941 427 977 tuto
458 937 554 977 licet
586 937 785 988 solusque
816 937 896 976 illis
926 937 1165 987 gratuitum
1197 937 1494 977 testimonium

95 1004 233 1044 reddit
277 1008 320 1044 et
366 1017 580 1054 magnam.
612 1017 699 1044 rem
744 1003 1033 1043 nescientibus
1076 1004 1218 1043 debet.
1281 1004 1496 1052 Quemad-

95 1070 271 1110 modum
300 1075 597 1121 praeceptores
625 1083 724 1110 suos
753 1074 985 1110 veneratur
1012 1084 1059 1110 ac
1089 1070 1281 1120 suspicit,
1311 1083 1494 1121 quorum

94 1136 299 1177 beneficio
328 1136 408 1176 illis
437 1136 563 1176 inviis
592 1136 711 1184 exiit,
742 1136 800 1176 sic
829 1141 872 1177 et
909 1136 999 1185 hos,
1030 1137 1110 1176 sub
1141 1149 1324 1187 quorum
1355 1136 1493 1176 tutela

94 1203 259 1254 positus
293 1207 462 1243 exercet
499 1207 612 1243 artes
647 1203 795 1243 bonas.
856 1203 1037 1243 ‘Verum
1074 1202 1179 1242 alios
1215 1216 1386 1253 quoque
1423 1216 1495 1242 rex

95 1269 257 1309 viribus
287 1269 374 1309 suis
404 1269 620 1319 protegit.'
682 1269 785 1318 Quis
807 1271 966 1319 negat?
1019 1268 1100 1309 Sed
1127 1269 1495 1320 quemadmodum

96 1336 299 1385 Neptuno
332 1334 426 1385 plus
457 1335 611 1375 debere
643 1328 879 1375 se‘iudicat
911 1326 963 1375 ex
995 1335 1058 1383 iis,
1092 1335 1165 1386 qui
1196 1336 1347 1375 eadem
1379 1340 1496 1374 tran-

95 1401 309 1452 quillitate
328 1401 392 1441 usi
413 1406 528 1450 sunt,
550 1401 623 1452 qui
644 1402 766 1452 plura
786 1406 828 1442 et
856 1401 1108 1452 pretiosiora
1135 1402 1206 1441 illo
1234 1402 1340 1441 mari
1361 1401 1494 1450 vexit,

95 1467 327 1507 animosius
360 1481 385 1507 a
418 1472 653 1508 mercatore
687 1481 818 1518 quam
851 1481 876 1507 a
908 1472 1080 1508 vectore
1112 1467 1296 1507 solvitur
1327 1472 1494 1516 votum,

94 1538 136 1574 et
160 1547 213 1574 ex
237 1533 338 1584 ipsis
364 1533 673 1574 mercatoribus
697 1533 872 1573 effusius
896 1539 1045 1584 gratus
1069 1538 1148 1582 est,
1176 1534 1247 1586 qui
1273 1535 1422 1574 odores
1447 1548 1495 1574 ac

95 1612 306 1650 purpuras
334 1604 377 1640 et
407 1613 511 1639 auro
541 1600 762 1650 pensanda
791 1600 995 1650 portabat
1026 1613 1157 1651 quam
1187 1600 1260 1651 qui
1290 1600 1496 1640 vilissima

95 1678 290 1717 quaeque
319 1669 363 1706 et
394 1666 596 1705 saburrae
628 1665 719 1705 loco
750 1665 898 1705 futura
929 1671 1222 1716 congesserat:
1269 1666 1326 1706 sic
1370 1666 1496 1706 huius

94 1731 210 1782 pacis
231 1732 485 1772 beneficium
508 1732 561 1771 ad
585 1745 731 1771 omnes
748 1731 1003 1782 pertinentis
1026 1732 1155 1772 altius
1177 1733 1230 1772 ad
1253 1746 1324 1772 eos
1347 1746 1497 1783 perve-

75 1798 173 1851 qnit,
196 1797 269 1848 qui
290 1797 362 1837 illa
383 1798 491 1837 bene
512 1801 710 1837 utuntur.
757 1797 882 1837 Multi
903 1797 1017 1838 enim
1038 1802 1139 1838 sunt
1161 1812 1212 1838 ex
1236 1798 1299 1838 his
1320 1798 1494 1848 togatis,

96 1863 251 1914 quibus
268 1877 354 1914 pax
373 1863 589 1914 operosior
605 1863 716 1903 bello
733 1868 819 1903 est:
852 1877 907 1903 an
925 1863 1039 1904 idem
1056 1864 1279 1904 existimas
1296 1877 1373 1915 pro
1391 1878 1495 1915 pace

95 1929 247 1969 debere
269 1943 354 1978 eos,
377 1929 450 1980 qui
476 1929 593 1968 illam
614 1929 813 1970 ebrietati
840 1934 916 1969 aut
944 1929 1109 1970 libidini
1135 1930 1392 1980 impendunt
1419 1934 1494 1969 aut

96 1995 187 2034 aliis
206 1995 336 2044 vitiis,
357 2008 467 2046 quae
487 1995 553 2035 vel
575 1994 686 2035 bello
708 1995 947 2045 rumpenda
965 1997 1098 2035 sunt?
1158 1996 1249 2035 Nisi
1271 1996 1381 2036 forte
1403 2000 1495 2036 tam

95 2060 291 2112 iniquum
319 2065 448 2111 putas
474 2074 564 2101 esse
591 2061 844 2111 sapientem,
873 2065 921 2101 ut
950 2061 1053 2100 nihil
1082 2061 1244 2101 viritim
1271 2075 1315 2102 se
1342 2062 1495 2102 debere

96 2139 172 2177 pro
199 2126 500 2167 communibus
526 2127 649 2166 bonis
675 2127 848 2167 iudicet.
910 2127 995 2168 Soli
1023 2127 1234 2179 lunaeque
1262 2128 1495 2179 plurimum

96 2193 245 2241 debeo,
279 2197 321 2233 et
356 2206 442 2232 non
474 2193 548 2232 uni
583 2192 685 2232 mihi
720 2193 928 2233 oriuntur.
990 2194 1115 2233 Anno
1148 2194 1494 2245 temperantique

98 2270 258 2298 annum
297 2259 377 2299 deo
416 2259 620 2309 privatim
660 2259 874 2310 obligatus
912 2272 1022 2308 sum,
1062 2260 1262 2311 quamvis
1300 2252 1405 2299 nihil
1451 2260 1495 2299 in

98 2335 240 2366 meum
260 2322 465 2365 honorem
484 2325 699 2376 descripta
718 2325 817 2365 sint.
879 2325 1022 2367 Stulta
1042 2326 1226 2367 avaritia
1247 2326 1494 2366 mortalium

1521 2340 1539 2348 ι-

1526 2348 1533 2369 l
