1667 2524
335 123 403 157 AD
438 121 690 156 NERONEM
724 121 791 154 DE
825 119 1127 154 CLEMENTIA
1160 119 1255 153 LIB.
1290 120 1308 153 I
1472 115 1525 156 39

120 247 204 292 tur,
235 256 330 283 mea
360 242 462 282 iuris
491 241 623 281 dictio
653 245 731 281 est.
793 240 845 279 In
874 239 954 279 hac
985 243 1110 279 tanta
1142 238 1353 279 facultate
1384 251 1524 278 rerum
1555 248 1573 276 3

120 323 206 349 non
239 309 300 348 ira
333 322 400 348 me
434 308 487 348 ad
522 307 669 358 iniqua
703 306 914 357 supplicia
949 305 1172 356 compulit,
1208 318 1294 345 non
1327 304 1525 344 iuvenilis

119 375 319 426 impetus,
354 388 439 414 non
475 373 696 413 temeritas
736 372 960 412 hominum
1000 376 1043 412 et
1085 372 1373 419 contumacia,
1414 384 1525 422 quae

120 455 245 492 saepe
304 440 666 491 tranquillissimis
726 452 898 490 quoque
957 437 1205 489 pectoribus
1265 438 1525 489 patientiam

120 508 315 556 extorsit,
361 521 447 547 non
491 507 583 557 ipsa
628 505 914 545 ostentandae
959 518 1034 556 per
1077 509 1259 545 terrores
1303 504 1525 554 potentiae

119 575 226 623 dira,
269 574 341 614 sed
384 574 585 624 frequens
627 573 794 623 magnis
836 571 1025 622 imperiis
1067 571 1214 621 gloria.
1275 570 1524 619 Conditum,

120 641 252 680 immo
273 641 553 680 constrictum
573 639 689 689 apud
709 652 777 679 me
795 639 955 678 ferrum
973 642 1053 686 est,
1073 650 1242 677 summa
1264 637 1525 687 parsimonia

120 708 252 747 etiam
288 706 482 746 vilissimi
519 705 759 756 sanguinis,·
812 718 937 744 nemo
982 718 1082 753 non,
1121 704 1187 743 cui
1233 703 1316 742 alia
1352 704 1524 751 desunt,

121 773 305 813 hominis
350 773 522 813 nomine
566 772 682 823 apud
728 785 796 812 me
840 771 1054 822 gratiosus
1098 775 1177 811 est.
1238 770 1525 811 Severitatem
1555 780 1574 808 4

120 840 331 889 abditam,
376 844 421 880 at
466 839 738 879 clementiam
782 839 825 877 in
868 838 1094 889 procinctu
1137 837 1297 887 habeo,·
1356 838 1415 877 sic
1458 850 1526 877 me

122 907 330 955 custodio,
365 911 591 958 tamquam
625 906 802 957 legibus,
836 919 944 957 quas
975 919 1029 946 ex
1061 906 1147 945 situ
1180 919 1229 945 ac
1263 904 1450 945 tenebris
1482 905 1525 943 in

121 973 258 1013 lucem
279 974 472 1022 evocavi,
496 974 708 1013 rationem
734 973 980 1013 redditurus
1008 972 1103 1012 sim.
1164 972 1353 1012 Alterius
1381 975 1525 1011 aetate

121 1041 259 1091 prima
278 1045 422 1080 motus
441 1053 549 1088 sum,
570 1040 746 1080 alterius
764 1039 939 1088 ultima;
974 1039 1107 1079 alium
1125 1039 1329 1090 dignitati
1348 1038 1524 1086 donavi,

123 1106 253 1146 alium
298 1106 534 1146 humilitati
547 1120 556 1155 ;
618 1106 817 1157 quotiens
862 1105 1024 1146 nullam
1070 1106 1319 1145 inveneram
1364 1105 1525 1145 miseri-

124 1173 291 1213 cordiae
327 1186 514 1221 causam,
537 1173 642 1212 mihi
676 1173 859 1224 peperci.
922 1173 1061 1213 Hodie
1095 1172 1161 1212 dis
1194 1171 1524 1220 immortalibus,

123 1240 157 1279 si
185 1253 209 1278 a
236 1253 304 1279 me
332 1240 543 1280 rationem
572 1244 785 1290 repetant,
815 1239 1098 1279 adnumerare
1125 1252 1258 1289 genus
1285 1238 1525 1278 humanum

123 1311 301 1357 paratus
336 1309 459 1346 sum.’
520 1307 648 1346 Potes
691 1306 784 1354 hoc,
816 1306 984 1355 Caesar,
1015 1306 1223 1346 audacter
1256 1305 1524 1356 praedicare:
1553 1312 1572 1342 5

122 1373 280 1421 omnia,
324 1386 434 1424 quae
475 1373 518 1412 in
559 1373 688 1413 fidem
730 1372 992 1423 tutelamque
1032 1378 1146 1412 tuam
1187 1376 1396 1419 venerunt,
1438 1375 1526 1410 tuta

123 1439 282 1488 haberi,
302 1439 406 1478 nihil
426 1453 500 1490 per
518 1444 560 1479 te
580 1452 717 1490 neque
736 1440 779 1478 vi
798 1452 936 1490 neque
957 1439 1065 1478 clam
1085 1439 1216 1479 adimi
1236 1439 1293 1478 rei
1313 1437 1523 1489 publicae.

124 1506 406 1546 Rarissimam
435 1506 606 1546 laudem
634 1511 677 1546 et
706 1505 809 1545 nulli
838 1506 979 1546 adhuc
1007 1506 1251 1556 principum
1281 1517 1524 1544 concessam

125 1574 361 1624 concupisti
388 1573 694 1613 innocentiam.
757 1573 854 1612 Non
880 1573 1021 1624 perdit
1048 1585 1223 1624 operam
1250 1585 1326 1612 nec
1352 1571 1525 1611 bonitas

123 1640 205 1680 ista
246 1645 322 1680 tua
363 1640 588 1690 singularis
628 1640 819 1690 ingratos
860 1644 936 1680 aut
977 1639 1186 1690 malignos
1227 1639 1525 1679 aestimatores

124 1711 283 1746 nancta
312 1711 390 1746 est.
452 1706 655 1746 Refertur
683 1706 762 1746 tibi
792 1707 952 1757 gratia;
998 1719 1123 1746 nemo
1152 1718 1264 1745 unus
1292 1705 1421 1744 homo
1450 1704 1523 1744 uni

123 1774 285 1813 homini
306 1779 396 1814 tam
419 1788 540 1814 carus
559 1788 768 1826 umquam
787 1775 885 1822 fuit,
907 1787 1039 1826 quam
1060 1778 1109 1814 tu
1128 1773 1288 1825 populo
1309 1773 1523 1821 Romano,

124 1854 329 1891 magnum
360 1841 621 1892 longumque
652 1842 742 1881 eius
773 1841 949 1881 bonum.
1011 1841 1092 1881 Sed
1125 1841 1273 1891 ingens
1305 1839 1384 1879 tibi
1416 1852 1523 1879 onus
1553 1842 1572 1870 6

124 1907 386 1957 imposuisti;
430 1921 555 1947 nemo
578 1908 663 1947 iam
684 1908 835 1947 divum
864 1907 1109 1957 Augustum
1138 1920 1214 1946 nec
1242 1907 1304 1945 Ti.
1333 1905 1524 1945 Caesaris

125 1974 263 2024 prima
278 1978 473 2024 tempora
490 1974 681 2025 loquitur
696 1987 785 2022 nec,
803 1974 917 2024 quod
935 1978 977 2013 te
993 1973 1154 2013 imitari
1171 1972 1289 2021 velit,
1306 1971 1525 2022 exemplar

124 2043 247 2079 extra
280 2044 322 2080 te
355 2041 545 2091 quaerit;
594 2040 861 2091 principatus
894 2044 995 2079 tuus
1028 2039 1081 2079 ad
1116 2043 1290 2089 gustum
1323 2038 1521 2089 exigitur.

127 2105 306 2146 Difficile
327 2105 405 2146 hoc
426 2107 591 2154 fuisset,
613 2107 646 2145 si
668 2120 752 2146 non
773 2106 982 2145 naturalis
1002 2105 1081 2145 tibi
1102 2105 1185 2145 ista
1205 2105 1377 2145 bonitas
1397 2108 1521 2153 esset,

126 2172 198 2212 sed
237 2173 290 2212 ad
330 2176 501 2223 tempus
539 2177 726 2223 sumpta.
789 2172 924 2212 Nemo
962 2172 1076 2212 enim
1116 2176 1259 2222 potest
1297 2184 1523 2222 personam

126 2238 200 2278 diu
233 2239 353 2286 ferre,
377 2238 478 2278 ficta
514 2239 598 2278 cito
632 2239 675 2277 in
709 2243 910 2278 naturam
945 2251 1067 2277 suam
1102 2238 1318 2286 recidunt;
1369 2237 1524 2289 quibus

127 2304 287 2344 veritas
314 2304 461 2345 subest
489 2318 698 2356 quaeque,
727 2309 775 2344 ut
803 2305 864 2344 ita
891 2305 1048 2352 dicam,
1075 2318 1129 2344 ex
1156 2304 1290 2344 solido
1318 2317 1524 2344 enascun-
