1667 2524
138 120 164 160 2
583 120 623 153 L.
658 120 852 153 ANNAEI
885 120 1112 154 SENECAE

139 243 252 295 passi
277 247 377 283 sunt
402 255 634 293 omnesque
659 242 823 293 passuri
836 255 845 290 ,·
885 246 927 281 et
952 241 1046 281 ideo
1071 241 1175 280 mihi
1200 241 1373 281 videtur
1396 254 1536 281 rerum

139 308 308 358 natura,
343 309 458 360 quod
491 309 792 359 gravissimum
824 309 997 357 fecerat,
1034 321 1259 348 commune
1291 307 1453 357 fecisse,
1486 311 1536 347 ut

140 376 438 416 crudelitatem
467 376 546 415 fati
577 375 868 414 consolaretur
897 374 1148 425 aequalitas.

195 444 253 482 ΙΙ.
296 442 406 482 Illud
441 455 612 493 quoque
644 446 687 481 te
720 455 806 480 non
838 441 1065 480 minimum
1098 441 1327 489 adiuverit,
1360 441 1394 480 si
1429 440 1538 491 cogi-

140 510 298 550 taveris
336 509 439 548 nihil
479 509 754 559 profuturum
792 507 982 547 dolorem
1021 512 1146 547 tuum
1184 520 1260 547 nec
1298 506 1370 555 illi,
1411 519 1538 557 quem

139 577 367 624 desideras,
390 589 466 616 nec
489 575 567 615 tibi
580 589 588 624 ;
627 575 744 614 noles
765 575 878 614 enim
901 574 1075 624 longum
1097 587 1199 622 esse,
1223 573 1339 624 quod
1361 573 1539 612 inritum

139 648 218 684 est.
279 643 391 683 Nam
428 643 460 682 si
499 643 732 693 quicquam
770 641 947 681 tristitia
985 640 1218 691 profecturi
1255 652 1416 688 sumus,
1454 652 1540 678 non

141 723 287 751 recuso
336 709 539 761 quicquid
590 709 863 748 lacrimarum
911 708 1111 747 fortunae
1159 720 1279 746 meae
1328 705 1538 756 superfuit

141 782 242 817 tuae
280 777 457 816 fundere
470 789 478 824 ;
533 776 750 815 inveniam
790 775 1038 814 etiamnunc
1078 787 1152 824 per
1190 773 1267 813 hos
1305 772 1539 813 exhaustos

140 844 226 883 iam
260 843 431 883 fletibus
464 842 710 882 domesticis
743 841 887 881 oculos
921 841 1036 892 quod
1070 840 1232 888 effluat,
1267 839 1300 879 si
1334 838 1464 878 modo
1497 838 1538 878 id

141 910 220 950 tibi
267 911 464 950 futurum
513 909 625 948 bono
674 913 751 948 est.
813 908 925 957 Quid
977 908 1143 947 cessas?
1202 906 1538 957 Conqueramur,

141 981 272 1028 atque
314 976 420 1016 adeo
466 976 554 1026 ipse
600 975 710 1014 hanc
756 975 875 1014 litem
920 987 1061 1014 meam
1104 974 1281 1013 faciam:
1343 972 1538 1023 ‘iniquis-

141 1044 248 1083 sima
297 1043 490 1081 omnium
539 1042 696 1081 iudicio
746 1041 952 1089 Fortuna,
994 1040 1134 1080 adhuc
1179 1039 1393 1079 videbaris
1441 1051 1539 1078 eum

141 1109 358 1149 hominem
399 1109 672 1157 continuisse,
713 1108 785 1159 qui
825 1121 999 1147 munere
1038 1111 1114 1146 tuo
1154 1110 1325 1146 tantam
1364 1118 1538 1145 venera-

142 1176 304 1216 tionem
328 1179 558 1225 receperat,
584 1179 646 1223 ut,
672 1174 787 1225 quod
812 1187 906 1213 raro
930 1173 1002 1213 ulli
1029 1173 1222 1223 contigit,
1246 1172 1428 1212 felicitas
1451 1172 1541 1211 eius

141 1243 347 1293 effugeret
381 1242 612 1281 invidiam:
663 1254 758 1280 ecce
792 1254 891 1280 eum
925 1240 1115 1280 dolorem
1150 1239 1222 1288 illi,
1260 1252 1388 1290 quem
1423 1238 1542 1277 salvo

141 1309 319 1350 Caesare
352 1309 542 1359 accipere
576 1308 816 1346 maximum
849 1311 1034 1358 poterat,
1069 1306 1335 1357 impressisti,
1368 1309 1411 1345 et
1446 1317 1542 1344 cum

142 1375 249 1416 bene
298 1375 418 1414 illurn
469 1375 659 1425 undique
711 1374 940 1422 circuisses,
992 1373 1240 1413 intellexisti
1291 1372 1370 1412 hac
1420 1376 1542 1423 parte

143 1441 448 1482 tantummodo
484 1445 631 1491 patere
666 1440 823 1480 ictibus
860 1441 958 1480 tuis.
1020 1440 1131 1488 Quid
1168 1440 1282 1480 enim
1325 1439 1382 1478 1111
1426 1438 1541 1478 aliud

141 1508 333 1548 faceres?
392 1508 623 1547 Pecuniam
665 1507 878 1557 eriperes?
939 1506 1188 1557 Numquam
1230 1505 1288 1545 illi
1331 1505 1543 1545 obnoxius

143 1575 246 1623 fuit;
299 1587 411 1613 nunc
448 1587 633 1625 quoque,
671 1577 885 1624 quantum
922 1577 1079 1623 potest,
1116 1572 1232 1611 illam
1269 1585 1293 1611 a
1328 1585 1372 1612 se
1408 1571 1542 1621 abigit

143 1646 186 1681 et
217 1642 261 1680 in
293 1645 418 1680 tanta
449 1640 658 1680 facilitate
691 1639 944 1690 adquirendi
977 1639 1142 1678 nullum
1174 1639 1379 1678 maiorem
1410 1652 1464 1678 ex
1494 1651 1543 1677 ea

144 1708 334 1747 fructum
384 1720 515 1757 quam
567 1711 865 1756 contemptum
915 1706 1005 1745 eius
1055 1706 1178 1756 petit.
1240 1706 1436 1755 Eriperes
1485 1704 1542 1743 illi

145 1774 333 1813 amicos?
392 1773 563 1813 Sciebas
592 1778 683 1813 tam
712 1772 941 1812 amabilem
970 1786 1072 1821 esse,
1102 1776 1151 1812 ut
1180 1772 1302 1812 facile
1331 1772 1374 1810 in
1403 1771 1542 1825 locum

145 1840 398 1880 amissorum
438 1844 581 1890 posset
621 1840 725 1879 alios
765 1840 1024 1880 substituere
1037 1853 1045 1888 ;
1104 1853 1239 1879 unum
1278 1839 1391 1879 enim
1431 1838 1544 1877 hunc

145 1920 199 1947 ex
225 1907 297 1955 eis,
328 1919 435 1957 quos
463 1907 505 1945 in
535 1906 758 1957 principali
787 1907 916 1946 domo
945 1910 1144 1957 potentes
1169 1906 1272 1953 vidi,
1298 1905 1544 1955 cognovisse

146 1974 306 2022 videor,
349 1986 477 2024 quem
521 1973 720 2013 omnibus
762 1974 948 2013 amicum
990 1973 1145 2012 habere
1189 1985 1285 2012 cum
1326 1971 1543 2022 expediat,

145 2040 280 2090 magis
300 2045 446 2080 tamen
466 2041 597 2080 etiam
618 2041 734 2080 libet.
797 2041 992 2091 Eriperes
1012 2039 1068 2078 illi
1089 2039 1248 2079 bonam
1269 2038 1513 2089 opinionem
1527 2037 1546 2076 ?

146 2106 327 2147 Solidior
357 2112 421 2147 est
454 2107 556 2147 haec
589 2108 703 2158 apud
735 2120 847 2155 eum,
880 2120 1010 2157 quam
1042 2110 1090 2146 ut
1123 2118 1146 2144 a
1178 2110 1220 2146 te
1252 2117 1423 2156 quoque
1453 2104 1546 2154 ipsa

148 2174 317 2212 concuti
351 2174 498 2224 possit.
560 2174 756 2224 Eriperes
788 2173 946 2212 bonam
980 2172 1303 2212 valetudinem?
1375 2169 1547 2211 Sciebas

148 2240 340 2279 animum
364 2240 454 2279 eius
479 2240 724 2279 liberalibus
747 2239 995 2289 disciplinis,
1021 2238 1177 2289 quibus
1201 2251 1286 2277 non
1310 2236 1547 2276 innutritus

149 2310 322 2346 tantum
344 2306 415 2345 sed
438 2306 612 2346 innatus
632 2311 711 2354 est,
733 2306 791 2345 sic
811 2318 900 2345 esse
921 2305 1168 2353 fundatum,
1189 2308 1239 2344 ut
1259 2316 1388 2354 supra
1408 2302 1548 2343 omnis
