1667 2524
101 261 120 288 9

61 837 119 891 ’10

82 1458 118 1486 11

82 1721 118 1749 12

147 129 202 170 86
586 129 626 163 L.
661 129 855 162 ANNAEI
891 130 946 162 si]
958 130 1119 163 NECAE

148 252 258 291 tiens
289 265 365 292 nos
396 252 506 292 male
540 251 672 292 habet
702 252 855 291 inertia
886 252 950 291 sui
984 252 1227 302 impatiens.
1288 251 1431 302 Magni
1466 251 1542 290 im-

148 323 379 368 peratores,
407 331 503 357 cum
528 318 639 358 male
664 331 811 368 parere
835 317 1015 357 militem
1041 318 1204 365 vident,
1231 317 1373 369 aliquo
1399 316 1543 357 labore

149 389 426 434 compescunt
454 390 497 424 et
525 383 873 435 expeditionibus
896 384 1114 423 detinent:
1154 396 1392 434 numquam
1414 388 1543 423 vacat

148 450 341 490 lascivire
377 445 584 490 districtis
621 449 811 501 nihilque
848 455 939 490 tam
977 455 1140 489 certum
1183 454 1247 489 est
1291 462 1423 500 quam
1467 450 1542 489 otii

148 517 255 556 vitia
286 518 457 567 negotio
489 517 659 568 discuti.
722 516 856 566 Saepe
882 516 1080 556 videmur
1106 516 1248 555 taedio
1275 528 1415 555 rerum
1443 516 1543 555 civi-

148 583 250 622 lium
280 588 323 624 et
353 583 534 623 infelicis
565 588 695 634 atque
727 583 920 633 ingratae
951 582 1150 622 stationis
1181 582 1450 632 paenitentia
1481 595 1542 621 se-

149 650 340 689 cessisse:
392 654 538 689 tamen
573 650 617 688 in
652 649 722 688 illa
758 648 937 697 latebra,
974 649 1016 687 in
1052 661 1183 699 quam
1219 661 1295 688 nos
1331 648 1460 688 timor
1494 661 1543 687 ac

148 715 355 756 lassitudo
398 716 591 764 coniecit,
634 715 851 755 interdum
894 715 1149 755 recrudescit
1191 714 1384 754 ambitio.
1446 714 1543 754 Non

146 782 259 821 enim
289 782 431 822 excisa
461 782 602 830 desiit,
634 782 706 821 sed
737 782 921 831 fatigata
952 786 1027 821 aut
1058 781 1189 821 etiam
1220 780 1388 821 obirata
1418 780 1544 821 rebus

146 861 298 898 parum
345 848 424 888 sibi
473 848 735 888 cedentibus.
797 848 918 888 Idem
964 848 1016 887 de
1063 847 1231 887 luxuria
1276 847 1386 895 dico,
1434 860 1544 898 quae

147 915 320 954 videtur
347 915 580 966 aliquando
611 915 796 962 cessisse,
826 914 979 954 deinde
1009 914 1303 964 frugalitatem
1333 914 1544 964 professos

147 980 348 1021 sollicitat
396 986 527 1032 atque
575 982 618 1020 in
665 981 806 1021 media
854 981 1115 1031 parsimonia
1163 980 1410 1031 voluptates
1458 993 1544 1020 non

146 1047 390 1096 damnatas,
421 1048 493 1087 sed
524 1048 693 1087 relictas
722 1048 846 1098 petit,
877 1052 919 1087 et
950 1047 1123 1098 quidem
1153 1060 1202 1087 eo
1232 1047 1542 1095 vehementius,

147 1127 232 1164 quo
258 1114 478 1153 occultius.
541 1113 696 1153 Omnia
721 1114 835 1153 enim
862 1114 968 1153 vitia
994 1114 1036 1152 in
1062 1118 1211 1164 aperto
1238 1113 1396 1153 leniora
1421 1118 1543 1153 sunt:

147 1180 283 1219 morbi
306 1193 477 1231 quoque
499 1184 603 1219 tunc
625 1180 678 1220 ad
701 1180 934 1219 sanitatem
957 1179 1179 1228 inclinant,
1204 1193 1299 1219 curn
1320 1193 1374 1220 ex
1394 1180 1543 1220 abdito

146 1251 379 1297 erumpunt
407 1259 456 1286 ac
484 1247 573 1285 vim
602 1255 724 1286 suam
753 1247 990 1297 proferunt.
1053 1246 1109 1286 Et
1139 1247 1369 1286 avaritiam
1397 1247 1544 1297 itaque

146 1317 188 1352 et
214 1312 495 1355 ambitionem
520 1317 563 1353 et
591 1317 730 1352 cetera
757 1312 870 1352 mala
896 1313 1053 1353 mentis
1080 1313 1295 1353 humanae
1321 1316 1425 1353 tunc
1451 1326 1544 1364 per-

147 1379 425 1419 niciosissima
454 1380 562 1419 scias
590 1393 693 1428 esse,
726 1392 822 1419 cum
852 1379 1055 1419 simulata
1084 1380 1271 1419 sanitate
1300 1379 1542 1419 subsidunt.

148 1445 283 1485 Otiosi
308 1446 517 1494 videmur,
543 1450 586 1485 et
611 1459 696 1485 non
721 1459 882 1485 sumus.
945 1446 1057 1485 Nam
1081 1447 1115 1485 si
1139 1445 1253 1486 bona
1277 1446 1359 1486 fide
1382 1459 1544 1494 sumus,

146 1512 179 1551 si
208 1512 396 1562 receptui
427 1513 670 1560 cecinimus,
700 1513 733 1551 si
763 1513 953 1563 speciosa
983 1513 1311 1561 contemnimus,
1340 1517 1388 1552 ut
1416 1512 1544 1563 paulo

146 1582 247 1618 ante
285 1578 496 1626 dicebam,
531 1578 647 1617 nulla
688 1592 751 1618 res
789 1592 865 1618 nos
898 1579 1114 1627 avocabit,
1148 1579 1289 1618 nullus
1321 1579 1545 1618 hominum

146 1645 379 1695 aviumque
434 1650 665 1684 concentus
720 1645 1005 1695 interrumpet
1061 1646 1342 1695 cogitationes
1395 1645 1544 1693 bonas,

146 1710 388 1761 solidasque
422 1711 507 1749 iam
541 1716 585 1751 et
621 1716 770 1751 certas.
833 1711 945 1751 Leve
979 1711 1082 1751 illud
1118 1712 1336 1761 ingenium
1369 1716 1434 1752 est
1469 1725 1545 1751 nec

146 1790 234 1816 sese
255 1776 395 1816 adhuc
418 1777 589 1817 reduxit
611 1778 834 1825 introrsus,
857 1778 971 1828 quod
994 1778 1047 1817 ad
1070 1791 1220 1817 vocem
1241 1782 1284 1817 et
1305 1778 1546 1818 accidentia

145 1843 334 1893 erigitur.
397 1843 542 1883 Habet
595 1844 712 1884 intus
752 1843 912 1894 aliquid
968 1843 1266 1883 sollicitudinis
1318 1848 1361 1884 et
1414 1843 1544 1884 habet

147 1909 307 1960 aliquid
343 1910 537 1960 concepti
572 1910 759 1961 pavoris,
794 1910 909 1962 quod
943 1910 1062 1950 illum
1097 1911 1311 1950 curiosum
1344 1910 1463 1959 facit,
1497 1915 1546 1950 ut

147 1976 207 2016 ait
229 1976 438 2026 Vergilius
456 1981 621 2016 noster:

234 2098 312 2137 ‘Et
336 2111 416 2146 me,
436 2111 563 2149 quem
586 2098 751 2138 dudum
770 2112 855 2138 non
877 2099 963 2138 ulla
986 2099 1143 2139 iniecta
1172 2098 1408 2139 movebant

258 2164 343 2204 tela
372 2177 508 2215 neque
537 2165 717 2204 adverso
745 2165 968 2215 glomerati
997 2179 1050 2205 ex
1077 2166 1245 2215 agmine
1274 2165 1390 2212 Grai,

258 2241 370 2267 nunc
392 2241 538 2267 omnes
559 2233 720 2268 terrent
741 2242 884 2276 aurae,
906 2242 1034 2268 sonus
1054 2229 1215 2269 excitat
1237 2229 1375 2268 omnis

258 2307 512 2345 suspensum
534 2299 576 2334 et
594 2295 755 2345 pariter
772 2296 1003 2346 comitique
1020 2295 1222 2346 onerique
1240 2295 1494 2335 timentem.'
