1667 2524
153 337 170 364 [Q

154 1726 172 1754 [Ο

205 130 257 172 62
645 133 685 166 L.
720 133 915 167 ANNAEI
948 133 1175 167 SENECAE

203 258 411 304 superest.
473 253 610 293 Nemo
641 253 845 303 dignitati
881 252 1074 303 perditae
1115 252 1274 303 parcit;
1331 251 1606 303 impunitatis

203 334 336 371 genus
385 324 449 360 est
499 321 585 359 iarn
635 333 720 359 non
770 319 927 359 habere
976 332 1138 369 poenae
1198 318 1352 358 locum.
1403 318 1606 358 Civitatis

203 392 350 427 autem
385 400 524 426 mores
558 387 694 437 magis
730 386 901 436 corrigit
936 386 1124 436 parcitas
1158 385 1583 425 animadversionum
1595 398 1604 434 3

202 454 307 493 facit
348 454 462 493 enim
505 453 859 492 consuetudinem
900 453 1106 502 peccandi
1147 452 1384 492 multitudo
1425 465 1605 503 peccan-

203 521 327 568 tium,
350 525 392 560 et
414 520 556 559 minus
577 519 719 569 gravis
740 523 845 558 nota
865 523 944 567 est,
968 531 1099 569 quam
1121 518 1250 558 turba
1269 518 1603 559 damnationum

204 586 333 634 levat,
378 591 421 626 et
465 586 685 633 severitas,
731 585 846 636 quod
891 585 1132 624 maximum
1177 585 1413 625 remedium
1457 584 1604 632 habet,

203 653 466 692 adsiduitate
485 652 649 691 amittit
669 652 990 691 auctoritatem.
1050 651 1286 691 Constituit
1307 651 1443 691 bonos
1462 664 1604 692 mores

204 720 371 759 civitati
400 719 596 770 princeps
623 723 666 758 et
695 718 802 758 vitia
830 718 948 766 eluit,
977 718 1010 757 si
1039 718 1209 768 patiens
1236 731 1383 758 eorum
1411 722 1489 766 est,
1518 731 1605 757 non

203 790 428 836 tamquam
464 785 630 836 probet,
667 785 739 824 sed
775 789 1002 835 tamquam
1037 784 1200 824 invitus
1234 788 1277 824 et
1314 797 1410 824 oum
1445 797 1603 835 magno

203 858 420 892 tormento
442 852 496 891 ad
520 852 819 901 castigandum
841 851 1002 890 veniat.
1064 851 1377 891 Verecundiam
1399 851 1604 901 peccandi

202 919 307 958 facit
325 919 417 969 ipsa
436 918 662 958 clementia
681 918 865 968 regentis
877 931 885 966 ;
919 917 1091 967 gravior
1108 917 1246 957 multo
1263 930 1402 968 poena
1419 917 1605 965 videtur,

203 999 313 1037 quae
334 998 358 1024 a
379 985 474 1024 miti
496 985 588 1023 viro
611 985 902 1023 constituitur.

259 1051 434 1090 XXIII.
477 1051 703 1090 Praeterea
718 1050 884 1090 videbis
900 1064 949 1090 ea
967 1063 1093 1101 saepe
1112 1051 1339 1099 committi,
1356 1063 1466 1102 quae
1480 1063 1606 1101 saepe

203 1118 495 1157 vindicantur.
558 1117 687 1157 Pater
704 1122 805 1156 tuus
822 1117 963 1167 plures
981 1117 1094 1156 intra
1111 1117 1454 1168 quinquennium
1472 1117 1605 1157 culleo

202 1185 349 1232 insuit,
375 1197 506 1235 quam
532 1183 731 1223 omnibus
755 1183 934 1223 saeculis
958 1183 1124 1223 insutos
1149 1184 1404 1234 accepimus.
1465 1183 1604 1224 Multo

202 1252 344 1291 minus
365 1250 585 1291 audebant
607 1250 726 1289 liberi
748 1251 867 1290 nefas
887 1249 1090 1289 ultimum
1111 1250 1356 1298 admittere,
1377 1263 1509 1301 quam
1528 1250 1603 1290 diu

202 1318 291 1357 sine
323 1317 412 1367 lege
444 1317 602 1356 crimen
634 1317 729 1356 fuit.
792 1316 970 1356 Summa
1000 1316 1113 1355 enim
1145 1316 1376 1366 prudentia
1407 1316 1604 1356 altissimi

202 1384 282 1422 viri
305 1388 348 1424 et
373 1397 513 1423 rerum
537 1388 718 1422 naturae
742 1383 989 1433 peritissimi
1013 1382 1259 1422 maluerunt
1283 1382 1404 1422 velut
1427 1382 1606 1423 incredi-

202 1450 285 1490 bile
318 1450 453 1489 scelus
485 1454 528 1489 et
561 1450 674 1489 ultra
707 1450 934 1489 audaciam
968 1449 1159 1499 positum
1192 1449 1425 1500 praeterire
1459 1462 1605 1500 quam,

201 1516 306 1556 dum
340 1516 578 1564 vindicant,
613 1516 837 1555 ostendere
870 1528 993 1566 posse
1027 1515 1116 1555 fieri
1128 1529 1137 1563 ;
1186 1515 1334 1566 itaque
1368 1515 1606 1566 parricidae

203 1596 301 1622 cum
338 1582 426 1633 lege
464 1587 710 1633 coeperunt,
748 1587 790 1622 et
827 1582 907 1621 illis
943 1582 1110 1621 facinus
1146 1595 1284 1632 poena
1320 1582 1583 1622 monstravit
1594 1594 1604 1630 ;

202 1649 389 1700 pessimo
421 1662 521 1689 vero
555 1649 646 1688 loco
678 1649 817 1699 pietas
848 1648 946 1696 fuit,
980 1654 1213 1699 postquam
1246 1649 1416 1699 saepius
1449 1648 1604 1688 culleos

203 1716 392 1755 vidimus
435 1729 566 1767 quarn
611 1728 766 1755 cruces.
828 1715 880 1754 In
923 1728 1008 1766 qua
1053 1715 1231 1755 civitate
1273 1728 1368 1754 raro
1411 1714 1606 1755 homines

203 1782 458 1832 puniuntur,
490 1782 532 1821 in
562 1795 611 1822 ea
644 1795 873 1821 consensus
903 1781 951 1821 fit
982 1782 1254 1821 innocentiae
1284 1786 1326 1821 et
1357 1781 1606 1832 indulgetur

203 1848 323 1888 velut
358 1848 529 1899 publico
565 1848 691 1888 bono.
767 1848 897 1888 Putet
932 1861 975 1888 se
1011 1849 1285 1888 innocentem
1315 1860 1405 1888 esse
1438 1847 1605 1896 civitas,

202 1915 305 1963 erit;
351 1915 487 1965 magis
517 1915 724 1954 irascetur
752 1928 776 1954 a
808 1915 1024 1954 communi
1054 1914 1304 1964 frugalitate
1333 1913 1606 1954 desciscenti-

204 1981 297 2029 bus,
334 1982 368 2021 si
403 1994 563 2032 paucos
597 1995 686 2021 esse
721 1995 792 2021 eos
827 1981 997 2021 viderit.
1059 1980 1351 2020 Periculosum
1385 1985 1465 2029 est,
1500 1979 1605 2019 mihi

206 2048 341 2096 crede,
369 2048 592 2088 ostendere
620 2048 802 2096 civitati,
831 2052 995 2099 quanto
1022 2047 1164 2098 plures
1190 2047 1291 2086 mali
1319 2047 1418 2087 sint.

261 2114 427 2154 XXIV.
472 2114 598 2154 Dicta
637 2119 701 2154 est
740 2114 972 2165 aliquando
1011 2114 1054 2152 in
1094 2118 1247 2154 senatu
1286 2113 1516 2162 sententia,
1555 2117 1605 2154 ut

204 2194 349 2221 servos
391 2194 415 2220 a
459 2181 600 2220 liberis
644 2181 783 2221 cultus
825 2181 1128 2232 distingueret:
1187 2180 1342 2220 deinde
1385 2179 1604 2231 apparuit,

204 2252 418 2299 quantum
447 2248 683 2298 periculum
711 2248 967 2296 immineret,
996 2248 1030 2287 si
1064 2247 1175 2287 servi
1208 2247 1344 2287 nostri
1378 2259 1604 2286 numerare

205 2328 281 2354 nos
302 2315 552 2364 coepissent.
616 2315 734 2354 Idem
756 2314 862 2354 scito
882 2314 1165 2354 metuendum
1183 2327 1287 2362 esse,
1308 2313 1341 2353 si
1362 2313 1465 2352 nulli
1486 2313 1604 2364 igno-
