1667 2524
340 126 408 159 AD
444 123 694 159 NERONEM
729 123 796 156 DE
830 122 1123 156 CLEMENTIA
1157 122 1251 154 LIB.
1289 122 1304 154 1
1466 118 1521 158 45

120 246 254 286 libens
280 245 441 292 videat,
468 243 571 283 alios
596 243 639 282 in
665 255 892 282 numerum
918 240 1154 291 relinquat;
1196 239 1407 291 quosdam
1432 253 1521 280 esse

120 313 322 363 gaudeat,
354 311 565 362 quosdam
596 309 802 359 patiatur.

176 379 248 418 VI.
291 377 504 427 Cogitato,
525 376 569 415 in
589 375 667 415 hac
690 375 882 423 civitate,
903 374 947 413 in
967 387 1054 425 qua
1073 373 1203 413 turba
1224 386 1298 423 per
1314 373 1523 413 latissima

120 445 274 485 itinera
327 444 416 484 sine
470 441 783 483 intermissione
837 441 1029 481 defluens
1081 440 1269 488 eliditur,
1324 439 1523 490 quotiens

121 511 282 562 aliquid
314 510 499 558 obstitit,
532 509 647 560 quod
679 521 851 549 cursum
880 507 971 548 eius
1001 507 1120 547 velut
1152 506 1355 546 torrentis
1386 505 1524 556 rapidi

121 581 374 625 moraretur,
403 576 447 616 in
475 589 561 628 qua
589 575 728 616 tribus
755 575 907 615 eodem
935 577 1129 624 tempore
1158 572 1339 613 theatris
1368 586 1524 612 caveae

119 643 414 693 postulantur,
444 643 489 682 in
517 655 603 694 qua
635 641 904 681 consumitur
935 639 1140 691 quicquid
1174 639 1298 679 terris
1325 638 1524 678 omnibus

59 716 67 721 ”
122 712 282 755 aratur,
321 712 487 758 quanta
523 707 711 746 solitudo
749 720 797 746 ac
834 706 1020 747 vastitas
1057 706 1205 746 futura
1242 705 1311 754 sit,
1350 705 1384 745 si
1420 704 1524 744 nihil

121 774 402 825 relinquatur,
433 773 513 812 nisi
542 773 657 824 quod
687 772 817 813 iudex
846 786 1019 813 severus
1049 772 1295 813 absolverit.
1357 771 1525 821 Quotus

121 840 301 891 quisque
338 854 390 880 ex
428 839 743 891 quaesitoribus
780 844 859 888 est,
898 839 972 891 qui
1009 853 1095 878 non
1131 853 1184 879 ex
1220 839 1314 889 ipsa
1349 852 1400 879 ea
1436 838 1525 888 lege

121 912 334 955 teneatur,
369 920 454 957 qua
487 906 686 957 quaerit?
734 905 903 954 Quotus
936 906 1118 957 quisque
1151 910 1377 946 accusator
1397 909 1524 945 vacat

122 973 278 1024 culpa?
337 973 393 1013 Et
419 973 573 1021 nescio,
599 986 654 1012 an
678 986 803 1013 nemo
828 973 881 1012 ad
905 973 1096 1012 dandam
1121 972 1293 1012 veniam
1317 971 1527 1012 difficilior

121 1039 191 1089 sit,
224 1053 354 1091 quam
386 1039 460 1090 qui
490 1039 607 1079 illam
639 1044 782 1090 petere
814 1039 983 1090 saepius
1016 1039 1185 1079 meruit.
1248 1038 1526 1078 Peccavimus

123 1119 283 1154 omnes,
310 1106 380 1145 alii
404 1106 566 1156 gravia,
593 1105 663 1145 alii
688 1105 862 1154 leviora,
889 1105 959 1145 alii
983 1119 1037 1146 ex
1061 1105 1294 1153 destinato,
1321 1104 1391 1144 alii
1415 1104 1526 1144 forte

121 1172 293 1223 impulsi
314 1177 388 1212 aut
421 1172 559 1212 aliena
585 1172 778 1223 nequitia
809 1172 965 1221 ablati;
1013 1171 1083 1211 alii
1114 1172 1157 1211 in
1188 1171 1311 1211 bonis
1342 1170 1526 1211 consiliis

122 1252 274 1289 parum
295 1239 464 1278 fortiter
483 1238 682 1278 stetimus
701 1243 743 1278 et
764 1238 1057 1278 innocentiam
1077 1238 1204 1278 inviti
1224 1252 1271 1278 ac
1293 1237 1526 1278 retinentes

122 1305 406 1355 perdidimus;
475 1319 549 1345 nec
602 1305 861 1356 deliquimus
912 1309 1103 1353 tantum,
1157 1305 1229 1345 sed
1283 1317 1418 1355 usque
1471 1303 1525 1343 ad

121 1377 365 1411 extremum
402 1371 497 1411 aevi
532 1371 844 1422 delinquemus.
906 1371 1052 1411 Etiam
1089 1371 1124 1410 si
1160 1371 1254 1422 quis
1290 1376 1382 1410 tam
1418 1370 1526 1410 bene

122 1438 208 1477 iam
243 1437 444 1488 purgavit
480 1438 687 1486 animum,
721 1442 770 1477 ut
805 1437 909 1476 nihil
944 1438 1177 1477 obturbare
1211 1451 1309 1477 eum
1344 1437 1527 1488 amplius

124 1504 257 1555 possit
279 1518 326 1544 ac
348 1504 506 1552 fallere,
528 1504 581 1544 ad
603 1504 895 1544 innocentiam
916 1508 1064 1544 tamen
1085 1503 1525 1554 peccandopervenit.

180 1571 279 1610 VII.
324 1570 538 1620 Quoniam
580 1571 760 1610 deorum
802 1570 883 1611 feci
927 1571 1208 1619 mentionem,
1246 1570 1410 1621 optime
1446 1569 1525 1609 hoc

123 1637 370 1687 exemplum
414 1635 596 1687 principi
639 1636 920 1685 constituam,
965 1637 1019 1677 ad
1063 1637 1179 1688 quod
1223 1637 1448 1685 formetur,
1478 1640 1527 1675 ut

124 1717 167 1743 se
205 1703 338 1743 talem
375 1716 465 1743 esse
504 1702 685 1751 civibus,
717 1703 866 1754 quales
904 1702 984 1743 sibi
1022 1704 1125 1746 deos
1156 1703 1274 1743 velit.
1337 1702 1527 1753 Expedit

124 1783 223 1820 crgo
267 1769 424 1809 habere
468 1769 750 1809 inexorabilia
794 1769 983 1820 peccatis
1027 1775 1160 1821 atque
1203 1769 1418 1810 erroribus
1450 1782 1527 1808 nu-

127 1836 256 1884 mina,
278 1836 453 1886 expedit
484 1849 620 1886 usque
646 1836 699 1876 ad
731 1835 932 1876 ultimam
962 1835 1120 1876 infesta
1151 1835 1413 1886 perniciem?
1472 1835 1528 1875 Et

126 1902 221 1952 quis
243 1915 389 1952 regum
411 1902 490 1942 erit
513 1907 649 1949 tutus,
673 1901 793 1942 cuius
821 1915 907 1942 non
930 1903 1123 1943 membra
1148 1901 1394 1952 haruspices
1417 1901 1531 1942 colli-

126 1969 261 2018 gant?
304 1968 427 2018 Quod
446 1968 479 2008 si
496 1968 539 2008 di
557 1969 787 2019 placabiles
804 1973 846 2009 et
865 1968 990 2020 aequi
1007 1969 1165 2009 delicta
1179 1968 1425 2019 potentium
1443 1981 1529 2007 non

127 2034 277 2073 statim
298 2034 550 2074 fulminibus
572 2040 903 2086 persequuntur,
928 2040 1094 2086 quanto
1112 2035 1290 2086 aequius
1306 2039 1370 2075 est
1395 2033 1531 2073 homi-

127 2113 225 2140 nem
242 2100 487 2141 hominibus
505 2102 799 2152 praepositum
818 2102 912 2142 miti
930 2102 1074 2142 animo
1090 2115 1285 2142 exercere
1302 2101 1529 2152 imperium

127 2172 169 2207 et
197 2167 397 2217 cogitare,
423 2172 521 2208 uter
545 2167 693 2208 mundi
719 2172 860 2208 status
886 2168 1048 2219 gratior
1071 2168 1203 2208 oculis
1228 2167 1530 2219 pulchriorque

128 2232 198 2281 sit,
228 2247 375 2273 sereno
403 2238 446 2273 et
476 2247 583 2284 puro
611 2234 693 2281 die,
725 2248 779 2274 an
809 2248 906 2274 cum
936 2235 1176 2285 fragoribus
1205 2234 1362 2275 crebris
1385 2234 1530 2274 onmia

128 2299 389 2350 quatiuntur
411 2304 453 2339 et
479 2299 596 2350 ignes
621 2299 718 2340 hinc
745 2305 876 2351 atque
902 2300 1014 2340 illinc
1042 2300 1228 2340 micant!
1287 2300 1421 2352 Atqui
1444 2314 1530 2340 non

1555 782 1574 810 [Ο
