1667 2524
151 129 205 170 54
589 131 629 164 L.
665 130 859 164 ANNAEI
893 129 1119 163 SENECAE

151 254 294 292 animo
318 252 421 291 nihil
445 251 612 299 hostile,
636 250 739 290 nihil
763 250 941 290 efferum
963 254 1042 298 est,
1065 250 1138 300 qui
1161 250 1402 300 potentiam
1425 262 1547 290 suam

150 319 315 371 placide
362 332 410 358 ac
456 317 704 357 salutariter
748 321 916 356 exercet
963 316 1201 367 adprobare
1247 316 1425 366 imperia
1470 329 1547 356 sua

152 386 316 426 civibus
340 385 526 436 cupiens,
550 384 652 423 felix
674 383 845 423 abunde
868 382 947 422 sibi
971 383 1101 431 visus,
1125 383 1158 422 si
1181 383 1401 422 fortunam
1424 395 1546 422 suam

150 452 394 504 publicarit,
439 464 632 491 sermone
675 449 888 497 adfabilis,
933 449 1055 489 aditu
1098 462 1354 499 accessuque
1396 448 1546 497 facilis,

150 519 286 567 voltu,
321 519 394 570 qui
428 518 616 557 maxime
649 516 831 568 populos
863 516 1120 564 demeretur,
1155 515 1364 564 amabilis,
1399 515 1547 567 aequis

150 585 369 626 desideriis
404 597 654 636 propensus,
689 584 822 623 etiam
857 583 1014 634 iniquis
1048 596 1132 622 non
1166 582 1357 631 acerbus,
1393 595 1418 623 a
1453 586 1547 622 tota

101 659 119 688 5
152 653 328 692 civitate
380 656 566 699 amatur,
618 650 878 698 defenditur,
932 649 1097 689 colitur.
1158 649 1322 689 Eadem
1373 649 1425 689 de
1476 649 1546 688 illo

151 718 344 758 homines
394 722 556 758 secreto
606 717 843 769 loquuntur
875 730 984 768 quae
1024 716 1167 767 palam
1181 729 1189 764 ;
1255 716 1401 755 tollere
1440 715 1548 755 filios

152 786 329 836 cupiunt
349 790 391 825 et
410 784 593 835 publicis
611 784 734 823 malis
752 784 956 823 sterilitas
974 783 1136 822 indicta
1154 782 1407 831 recluditur;
1441 782 1548 822 bene

151 865 194 892 se
220 852 474 892 meriturum
500 851 553 891 de
579 850 721 890 liberis
747 850 833 890 suis
859 850 1040 901 quisque
1066 863 1151 888 non
1176 849 1365 897 dubitat,
1392 848 1548 900 quibus

152 919 237 959 tale
281 918 498 958 saeculum
544 917 794 957 ostenderit.
857 917 938 955 Hic
982 916 1178 967 princeps
1223 929 1298 955 suo
1343 915 1548 955 beneficio

152 989 274 1025 tutus
303 984 405 1023 nihil
436 984 657 1035 praesidiis
686 988 795 1034 eget,
825 996 945 1022 arma
974 982 1215 1022 ornamenti
1246 995 1372 1021 causa
1401 981 1546 1021 habet.

103 1060 119 1088 1
208 1051 326 1090 XIV.
369 1051 493 1099 Quod
534 1063 632 1101 ergo
673 1050 860 1089 officium
897 1050 987 1089 eius
1021 1050 1116 1088 est?
1171 1048 1295 1096 Quod
1336 1048 1548 1087 bonorum

151 1118 410 1169 parentium,
444 1117 517 1168 qui
550 1116 774 1166 obiurgare
806 1116 959 1155 liberos
990 1129 1076 1154 non
1108 1127 1345 1165 numquam
1378 1114 1547 1163 blande,

151 1198 237 1224 non
283 1197 523 1235 numquam
570 1183 796 1222 minaciter
841 1182 993 1229 solent,
1041 1181 1272 1232 aliquando
1319 1181 1549 1220 admonere

150 1251 282 1291 etiam
338 1249 601 1290 Verberibus.
663 1249 885 1300 Numquid
942 1248 1095 1298 aliquis
1151 1260 1279 1286 sanus
1312 1247 1469 1286 'filium
1524 1259 1549 1286 a

151 1318 290 1369 prima
331 1317 494 1356 offensa
535 1315 799 1356 exheredat?
856 1315 935 1354 nisi
978 1327 1159 1364 magnae
1199 1318 1242 1353 et
1284 1313 1446 1353 multae
1487 1313 1548 1352 in-

151 1384 283 1423 iuriae
320 1383 578 1434 patientiam
615 1382 851 1430 evicerunt,
890 1381 969 1420 nisi
1006 1381 1102 1431 plus
1138 1384 1217 1428 est,
1255 1380 1370 1431 quod
1409 1379 1548 1428 timet,

151 1463 283 1502 quam
311 1450 426 1501 quod
453 1449 650 1497 damnat,
679 1462 765 1487 non
793 1448 958 1488 accedit
986 1447 1040 1487 ad
1068 1447 1353 1487 decretorium
1381 1445 1549 1495 stilum;

151 1516 289 1556 multa
325 1520 426 1556 ante
462 1520 665 1566 temptat,
703 1514 859 1566 quibus
893 1514 1071 1554 dubiam
1107 1512 1294 1552 indolem
1329 1518 1372 1552 et
1407 1513 1549 1563 peiore

151 1583 236 1622 iam
265 1583 356 1622 loco
384 1582 571 1633 positam
599 1586 791 1629 revocet,
835 1580 961 1620 simul
988 1580 1261 1630 deploratum
1289 1583 1367 1627 est,
1396 1578 1550 1619 ultima

151 1649 384 1700 experitur.
446 1649 582 1688 Nemo
624 1648 677 1688 ad
719 1647 928 1698 supplicia
968 1647 1178 1697 exigenda
1218 1646 1428 1697 pervenit,
1470 1645 1550 1685 nisi

103 1726 122 1755 2
152 1717 224 1768 qui
277 1716 464 1756 remedia
516 1715 796 1765 consumpsit.
859 1714 966 1762 Hoc,
1018 1713 1133 1764 quod
1185 1713 1367 1763 parenti,
1418 1712 1550 1752 etiam

152 1783 332 1834 principi
365 1782 610 1822 faciendum
643 1786 722 1830 est,
756 1794 883 1833 quem
917 1780 1229 1832 appellavimus
1262 1780 1436 1819 Patrem
1470 1779 1550 1818 Pa-

153 1850 260 1890 triae
288 1863 374 1889 non
403 1849 652 1889 adulatione
681 1861 794 1887 vana
824 1848 1015 1887 adducti.
1075 1847 1225 1887 Cetera
1254 1847 1367 1886 enim
1398 1859 1551 1896 cogno-

152 1917 269 1956 mina
300 1916 450 1955 honori
482 1916 587 1956 data
617 1919 719 1955 sunt
730 1928 739 1964 ;
787 1914 965 1965 Magnos
995 1918 1038 1954 et
1070 1913 1229 1953 Felices
1259 1918 1302 1953 et
1333 1913 1551 1963 Augustos

152 1983 341 2023 diximus
392 1987 435 2022 et
489 1982 743 2022 ambitiosae
795 1981 1014 2021 maiestati
1072 1979 1276 2031 quicquid
1330 1979 1551 2030 potuimus

153 2049 379 2089 titulorum
435 2048 723 2099 congessimus
777 2047 857 2087 illis
911 2046 990 2086 hoc
1045 2046 1284 2086 tribuentes
1296 2059 1305 2094 ;
1376 2045 1550 2085 Patrem

153 2116 327 2167 quidem
353 2115 525 2155 Patriae
550 2114 878 2165 appellavimus,
904 2118 953 2153 ut
978 2113 1103 2153 sciret
1128 2113 1279 2152 datam
1304 2112 1383 2151 sibi
1410 2116 1551 2162 potes-

154 2186 290 2222 tatem
311 2182 513 2232 patriam,
535 2194 645 2233 quae
665 2185 730 2221 est
751 2180 1144 2231 temperantissima
1166 2179 1307 2219 liberis
1328 2178 1551 2218 consulens

104 2260 123 2289 3
153 2261 315 2299 suaque
336 2252 434 2299 post
456 2247 548 2287 illos
570 2261 791 2298 reponens.
852 2247 989 2286 Tarde
1011 2246 1090 2285 sibi
1114 2250 1237 2297 pater
1258 2245 1451 2285 membra
1473 2258 1551 2285 sua

154 2315 364 2363 abscidat,
401 2315 549 2363 etiam,
588 2327 684 2353 cum
722 2314 967 2362 absciderit,
1005 2326 1207 2364 reponere
1246 2312 1391 2364 cupiat
1428 2316 1471 2352 et
1507 2311 1551 2351 in
