1667 2524
312 136 379 169 AD
415 135 664 169 NERONEM
697 135 765 168 DE
800 135 1092 169 CLEMENTIA
1125 136 1220 169 LIB.
1256 137 1293 169 II
1445 133 1495 174 71

104 269 253 295 nosam
283 255 462 294 maciem
492 259 535 295 et
566 254 759 294 innixam
790 254 942 294 baculo
973 259 1260 304 senectutem,·
1309 260 1496 295 ceterum

103 322 301 362 omnibus
343 321 482 371 dignis
525 321 714 371 proderit
758 325 801 360 et
843 321 1021 360 deorum
1064 334 1180 360 more
1226 321 1497 361 calamitosos

102 390 313 440 propitius
365 387 572 438 respiciet.
635 387 922 426 Misericordia
974 387 1114 426 vicina
1166 392 1229 427 est
1282 389 1494 430 miseriae:

102 455 233 495 habet
267 455 379 495 enim
414 453 574 504 aliquid
612 453 831 504 trahitque
865 466 918 493 ex
952 466 1014 492 ea.
1077 453 1318 493 Imbecillos
1352 455 1495 494 oculos

101 535 190 561 esse
223 522 343 569 scias,
379 522 450 572 qui
485 521 538 560 ad
574 520 756 559 alienam
793 520 1094 570 lippitudinem
1128 526 1170 560 et
1206 521 1284 571 ipsi
1319 521 1495 561 subfun—

100 588 276 636 duntur,
300 593 390 628 tam
413 588 672 627 mehercules
696 600 826 637 quam
849 587 1047 626 morbum
1070 601 1173 635 esse,
1197 601 1282 627 non
1305 588 1495 627 hilarita-

101 658 203 703 tem,
236 668 402 705 semper
433 655 625 693 adridere
671 654 910 693 ridentibus
942 659 985 693 et
1018 654 1071 693 ad
1106 655 1298 693 omnium
1342 655 1495 694 oscita-

101 721 262 761 tionem
294 721 434 771 ipsum
467 733 637 771 quoque
671 734 716 759 os
748 721 968 768 diducere:
1017 721 1306 760 misericordia
1339 721 1494 760 vitium

99 792 163 827 est
198 788 438 826 animorum
474 787 598 832 nimis
633 787 801 826 miseria
835 787 1104 836 paventium,
1128 800 1258 837 quam
1284 788 1317 826 si
1343 788 1437 838 quis
1471 801 1495 826 a

99 854 291 904 sapiente
327 853 473 903 exigit,
511 866 642 903 prope
678 857 756 901 est,
794 857 843 892 ut
880 852 1235 893 lamentationem
1272 854 1416 904 exigat
1452 858 1495 894 et

97 920 145 959 in
170 920 316 959 alienis
341 919 562 959 funeribus
587 919 783 969 gemitus.

155 986 252 1026 VII.
294 986 373 1026 ‘At
396 999 527 1037 quare
550 999 635 1024 non
659 986 900 1036 ignoscet?'
960 986 1156 1037 Agedum
1181 987 1495 1027 constituamus

98 1066 211 1092 nuno
249 1065 434 1104 quoque,
474 1052 577 1103 quid
615 1052 671 1092 sit
709 1053 848 1100 venia,
887 1056 930 1092 et
968 1053 1149 1093 sciemus
1186 1053 1279 1093 dari
1317 1053 1432 1092 illam
1470 1067 1495 1092 a

97 1119 290 1170 sapiente
315 1132 401 1157 non
424 1118 591 1158 debere.
653 1119 787 1158 Venia
810 1124 874 1159 est
900 1132 1064 1169 poenae
1087 1120 1266 1160 meritae
1290 1120 1492 1160 remissio.

99 1186 223 1225 Hanc
253 1186 422 1236 sapiens
454 1198 585 1236 quare
616 1198 701 1224 non
731 1185 888 1225 debeat
918 1186 1034 1233 dare,
1066 1186 1253 1226 reddunt
1284 1187 1494 1226 rationem

97 1252 274 1300 diutius,
318 1251 474 1302 quibus
517 1251 596 1291 hoc
639 1252 909 1302 propositum
952 1257 1037 1300 est,·
1096 1266 1173 1303 ego
1216 1257 1265 1292 ut
1308 1252 1496 1293 breviter

98 1322 323 1370 tamquam
364 1318 406 1356 in
447 1317 584 1357 alieno
625 1317 780 1357 iudicio
821 1319 983 1358 dicam:
1040 1318 1090 1357 Ei
1131 1319 1378 1369 ignoscitur,
1421 1320 1493 1370 qui

97 1385 237 1435 puniri
261 1384 432 1433 debuit;
471 1385 639 1434 sapiens
663 1389 809 1424 autem
833 1384 936 1423 nihil
960 1384 1078 1432 facit,
1102 1386 1216 1436 quod
1242 1398 1327 1424 non
1350 1385 1491 1433 debet,

97 1451 200 1490 nihil
236 1451 559 1502 praetermittit,
594 1451 709 1502 quod
750 1451 899 1499 debet;
949 1451 1096 1502 itaque
1130 1464 1327 1501 poenam,
1362 1465 1493 1503 quam

96 1518 262 1568 exigere
285 1517 428 1565 debet,
455 1530 540 1556 non
563 1518 712 1557 donat.
773 1517 854 1557 Sed
880 1517 998 1566 illud,
1025 1518 1140 1568 quod
1166 1531 1220 1558 ex
1245 1519 1370 1571 venia
1396 1532 1493 1558 con-

97 1584 215 1635 sequi
232 1584 310 1632 vis,
330 1583 571 1623 honestiore
594 1583 671 1623 tibi
691 1584 761 1622 via
783 1583 945 1624 tribuet
957 1597 966 1633 ;
1005 1589 1151 1634 parcet
1173 1584 1287 1624 enim
1309 1585 1489 1635 sapiens,

98 1649 288 1690 consulet
326 1654 369 1690 et
410 1650 589 1700 corriget
601 1663 610 1698 ;
664 1649 777 1690 idem
816 1651 959 1698 faciet,
1000 1651 1129 1701 quod,
1169 1651 1202 1690 si
1241 1651 1490 1701 ignosceret,

97 1730 172 1756 nec
206 1716 409 1766 ignoscet,
446 1716 665 1767 quoniam,
701 1717 773 1767 qui
809 1712 1011 1767 ignoscit,
1039 1717 1203 1757 fatetur
1238 1717 1398 1768 aliquid
1434 1732 1490 1765 se,

97 1783 211 1834 quod
262 1782 349 1823 fieri
399 1782 563 1830 debuit,
615 1783 818 1823 omisisse.
880 1783 1078 1834 Aliquem
1128 1783 1268 1823 verbis
1318 1788 1492 1823 tantum

97 1848 361 1896 admonebit,
387 1862 524 1899 poena
548 1862 634 1888 non
658 1849 830 1889 adficiet
854 1854 1044 1889 aetatem
1067 1850 1156 1889 eius
1179 1850 1490 1890 emendabilem

96 1916 288 1963 intuens;
335 1915 522 1966 aliquem
553 1915 716 1955 invidia
749 1915 934 1955 criminis
965 1916 1192 1955 manifeste
1224 1915 1490 1956 laborantem

96 1981 261 2021 iubebit
280 1981 538 2021 incolumem
558 1994 662 2028 esse,
684 1982 785 2032 quia
804 1982 1010 2032 deceptus
1029 1986 1108 2029 est,
1129 1982 1230 2032 quia
1250 1995 1324 2032 per
1342 1983 1492 2021 vinum

97 2047 261 2098 lapsus;
300 2047 444 2087 hostes
468 2047 661 2087 dimittet
685 2047 841 2095 salvos,
866 2047 1099 2098 aliquando
1122 2048 1253 2088 etiam
1279 2048 1490 2096 laudatos,

96 2115 130 2154 si
161 2114 350 2154 honestis
384 2114 521 2153 causis
552 2126 628 2164 pro
660 2113 757 2161 fide,
789 2127 866 2164 pro
896 2114 1079 2162 foedere,
1111 2127 1188 2164 pro
1220 2114 1418 2155 libertate
1449 2115 1492 2153 in

96 2180 254 2220 bellum
288 2180 412 2220 acciti
456 2185 570 2220 sunt.
632 2180 749 2219 Haec
793 2180 937 2219 omnia
981 2193 1066 2219 non
1098 2181 1262 2229 veniae,
1295 2181 1368 2221 sed
1413 2181 1491 2221 ele-

96 2247 282 2287 mentiae
304 2259 433 2297 opera
454 2250 568 2285 sunt.
628 2245 864 2285 Clementia
887 2246 1066 2285 liberum
1089 2245 1316 2286 arbitrium
1338 2246 1469 2287 habet
1482 2261 1490 2296 ;

96 2326 183 2353 non
211 2312 290 2353 sub
320 2311 518 2359 formula,
549 2311 621 2352 sed
652 2324 706 2351 ex
734 2324 871 2362 aequo
900 2316 943 2352 et
973 2311 1087 2352 bono
1116 2312 1300 2361 iudicat;
1345 2318 1388 2353 et
1418 2313 1492 2353 ab·
