1667 2524
446 123 514 155 AD
547 121 794 157 LUCILIUM
828 121 1075 156 EPISTULA
1110 121 1212 157 cxv
1472 118 1526 161 97

124 240 306 281 fiduciae
345 254 476 292 quam
515 254 653 281 curae.
717 240 841 280 Nosti
881 241 1123 291 comptulos
1161 241 1350 290 iuvenes,
1391 242 1526 282 barba

123 311 166 347 et
190 320 313 347 coma
335 307 508 356 nitidos,
532 308 584 347 de
607 307 782 358 capsula
805 311 942 347 totos:
982 307 1085 346 nihil
1110 308 1163 348 ab
1186 308 1266 347 illis
1289 310 1526 359 speraveris

124 363 248 423 forte,
275 373 378 413 nihil
404 374 601 414 solidum.
663 374 813 414 Oratio
839 374 979 414 cultus
1006 374 1137 413 animi
1161 380 1247 414 est:
1289 375 1321 414 si
1348 376 1526 416 circum-

123 443 249 480 tonsa
274 444 338 480 est
365 445 407 481 et
434 441 581 481 fucata
607 445 649 481 et
678 453 808 480 manu
835 440 964 488 facta,
993 441 1181 481 ostendit
1208 441 1327 481 illum
1355 456 1525 494 quoque

123 519 209 545 non
250 520 339 547 esse
381 507 592 547 sincerum
634 512 676 547 et
720 506 875 547 habere
919 506 1080 559 aliquid
1122 507 1260 548 fracti.
1324 509 1419 548 Non
1460 515 1524 549 est

123 578 427 613 ornamentum
463 573 582 613 virile
618 573 897 614 concinnitas.
960 574 1001 614 Si
1038 574 1160 614 nobis
1196 575 1388 615 animum
1424 576 1524 615 boni

122 639 202 679 viri
242 639 385 680 liceret
425 640 646 690 inspicere,
687 654 711 679 o
751 653 882 691 quam
922 640 1145 690 pulchram
1185 641 1352 690 faciem,
1394 655 1524 693 quam

122 710 333 753 sanctam,
361 719 492 757 quam
519 720 571 746 ex
604 707 830 757 magnifico
860 707 1114 758 placidoque
1146 707 1381 758 fulgentem
1409 709 1526 749 vide-

123 785 278 821 remus,
310 772 407 813 hinc
444 773 624 821 iustitia,
657 773 769 813 illinc
807 773 1076 823 fortitudine,
1109 774 1205 814 hinc
1237 776 1525 825 temperantia

123 839 439 890 prudentiaque
467 839 734 879 lucentibus!
795 840 970 880 Praeter
999 840 1075 880 has
1103 841 1327 891 frugalitas
1355 847 1397 882 et
1427 856 1526 882 con-

122 905 307 946 tinentia
333 910 375 946 et
404 906 635 946 tolerantia
662 911 704 947 et
734 907 967 947 liberalitas
996 907 1262 959 comitasque
1288 913 1331 948 et
1362 909 1525 960 —quis

122 972 431 1013 credat?-—in
478 973 649 1013 homine
697 987 840 1013 rarum
882 974 1132 1014 humanitas
1173 974 1349 1024 bonum,
1386 975 1524 1026 splen-

121 1040 268 1080 dorem
317 1039 375 1079 illi
425 1053 550 1079 suum
591 1040 893 1080 adfunderent.
955 1041 1073 1081 Tunc
1114 1041 1387 1091 providentia
1427 1055 1523 1082 cum

120 1106 334 1156 elegantia
349 1110 391 1146 et
408 1120 461 1146 ex
478 1106 570 1146 istis
588 1107 923 1157 magnanimitas
939 1107 1278 1148 eminentissima
1295 1112 1523 1159 quantum,

121 1172 164 1212 di
210 1173 325 1221 boni,
373 1173 536 1213 decoris
582 1173 656 1222 illi,
704 1178 918 1224 quantum
966 1174 1165 1224 ponderis
1211 1175 1524 1226 gravitatisque

122 1239 354 1279 adderent!
411 1239 585 1288 Quanta
615 1244 726 1280 esset
768 1253 864 1280 cum
901 1241 1040 1290 gratia
1071 1241 1331 1281 auctoritas!
1388 1242 1524 1282 Nemo

121 1305 237 1345 illam
283 1306 527 1355 amabilem,
573 1307 646 1358 qui
692 1320 778 1345 non
830 1306 955 1346 simul
1009 1307 1296 1347 venerabilem
1349 1308 1521 1348 diceret.

122 1372 163 1412 Si
183 1372 277 1423 quis
296 1373 451 1413 viderit
471 1373 580 1413 hanc
600 1373 752 1413 faciem
772 1373 968 1413 altiorem
988 1373 1374 1425 fulgentioremque
1393 1388 1522 1426 quam

121 1439 234 1479 cerni
252 1439 363 1479 inter
380 1439 570 1479 humana
589 1440 827 1488 consuevit,
846 1453 987 1480 nonne
1005 1440 1123 1480 velut
1142 1440 1328 1480 numinis
1347 1454 1523 1481 occursu

122 1505 449 1556 obstupefactus
493 1506 664 1546 resistat
708 1511 766 1551 et,
811 1511 859 1546 ut
905 1506 990 1546 ‘fas
1034 1506 1088 1546 sit
1133 1507 1319 1555 vidisse,’
1365 1507 1524 1548 tacitus

121 1574 348 1622 precetur?
406 1573 516 1612 Tum
553 1578 763 1613 evocante
801 1573 894 1624 ipsa
932 1573 1079 1613 vultus
1117 1574 1384 1624 benignitate
1429 1588 1524 1625 pro-

121 1638 278 1678 ductus
304 1639 453 1679 adoret
481 1653 529 1680 ac
562 1639 789 1690 supplicet,
815 1644 858 1680 et
884 1640 958 1680 diu
985 1640 1304 1691 contemplatus
1338 1641 1523 1680 multum

121 1709 367 1745 exstantem
384 1719 596 1757 superque
615 1720 859 1746 mensuram
881 1699 1104 1746 solitorum
1128 1707 1240 1747 inter
1262 1720 1338 1747 nos
1362 1707 1523 1758 adspici

121 1771 296 1820 elatam,
343 1772 474 1812 oculis
521 1773 624 1813 mite
670 1773 878 1824 quiddam
930 1774 1003 1814 sed
1055 1773 1331 1813 nihilominus
1376 1774 1523 1814 vivido

122 1837 218 1888 igne
244 1838 540 1888 flagrantibus,
568 1844 671 1879 tunc
698 1839 852 1880 deinde
879 1839 995 1880 illam
1020 1840 1176 1890 Vergili
1207 1840 1342 1880 nostri
1373 1854 1522 1881 vocem

123 1917 274 1944 verens
304 1909 435 1956 atque
466 1906 681 1945 attonitus
710 1906 917 1946 emittat?

172 1989 228 2029 ‘O
246 2003 375 2042 quam
392 1994 435 2030 te
452 2003 700 2039 memorem,
717 1991 837 2042 virgo
849 1993 867 2030 ’Β
923 1991 1118 2044 Namque
1136 1992 1241 2033 haut
1258 1992 1338 2033 tibi
1352 1992 1497 2033 vultus

197 2053 390 2093 mortalis
412 2067 487 2094 nec
510 2068 596 2094 vox
617 2054 835 2095 hominem
856 2056 1011 2095 sonat.'

179 2134 263 2175 ‘Sis
284 2136 401 2185 felix,
425 2141 706 2190 nostrumque
730 2137 843 2178 leves
866 2151 1158 2191 quaecumque
1181 2139 1398 2180 laborem.y

125 2231 273 2272 Aderit
320 2232 583 2285 levabitque,
629 2233 662 2273 si
708 2234 842 2275 colere
887 2248 982 2275 eam
1028 2235 1301 2276 voluerimus.
1362 2235 1526 2275 Colitur

125 2303 271 2338 autem
318 2312 405 2338 non
451 2304 674 2340 taurorum
723 2301 875 2351 opimis
923 2302 1170 2352 corporibus
1217 2302 1526 2343 contrucidatis

347 2374 373 2395 H
