1667 2524
139 109 191 152 44
577 113 618 146 L.
654 112 847 146 ANNAEI
881 112 1109 146 SENECAE

138 233 397 284 quibusdam
448 233 640 285 personis
691 233 832 283 aptior
880 237 958 273 est.
1020 233 1153 273 Decet
1207 232 1542 283 magnanimitas

138 300 372 351 quemlibet
407 300 647 348 mortalem,
680 299 812 339 etiam
845 299 979 347 illum,
1012 299 1123 339 infra
1158 312 1287 350 quem
1320 298 1423 337 nihil
1456 303 1542 347 est,

138 366 240 417 quid
284 366 397 407 enim
443 366 580 406 maius
624 370 698 405 aut
744 365 897 405 fortius
942 379 1073 416 quam
1119 365 1277 405 malam
1321 365 1542 405 fortunam

138 433 395 473 retundere?
449 433 565 472 Haec
596 437 743 472 tamen
772 432 1105 482 magnanimitas
1140 432 1183 470 in
1218 432 1333 471 bona
1368 431 1544 470 fortuna

138 499 342 540 laxiorem
382 499 522 539 locum
562 498 692 538 habet
734 498 968 549 meliusque
1006 498 1049 537 in
1088 498 1294 538 tribunali
1333 510 1464 549 quam
1500 497 1542 535 in

138 566 267 617 plano
306 565 580 616 conspicitur.
641 564 892 613 Clementia,
933 564 976 603 in
1016 577 1335 615 quamcumque
1364 565 1543 604 domum

138 632 395 683 pervenerit,
417 645 512 672 eam
544 631 710 672 felicem
732 631 1098 682 tranquillamque
1129 630 1383 681 praestabit,
1405 630 1478 670 sed
1501 629 1543 668 in

138 699 265 749 regia,
285 712 370 750 quo
399 698 545 747 rarior,
567 712 617 738 eo
651 697 896 737 mirabilior.
959 697 1069 746 Quid
1103 697 1216 737 enim
1237 702 1301 737 est
1335 709 1544 736 memora-

137 766 264 806 bilius
296 779 427 817 quam
459 778 572 814 eum,
606 764 725 805 cuius
757 764 843 805 irae
876 763 978 803 nihil
1012 764 1173 812 obstat,
1207 763 1326 804 cuius
1358 762 1544 814 graviori

138 832 377 872 sententiae
414 831 509 882 ipsi,
549 831 622 882 qui
660 835 855 881 pereunt,
894 830 1212 878 adsentiuntur,
1252 843 1379 881 quem
1418 841 1544 869 nemo

138 898 489 949 interpellaturus
521 902 600 946 est,
633 898 780 945 immo,
814 897 847 936 si
880 896 1178 937 vehementius
1210 896 1458 944 excanduit,
1492 909 1544 935 ne

138 965 445 1015 deprecaturus
480 969 544 1004 est
581 964 770 1015 quidem,
806 963 947 1014 ipsum
984 963 1063 1002 sibi
1100 976 1276 1002 manum
1312 963 1465 1003 inicere
1500 966 1543 1002 et

139 1036 356 1082 potestate
384 1044 462 1070 sua
488 1031 531 1069 in
561 1030 711 1070 melius
739 1029 1035 1080 placidiusque
1063 1029 1127 1069 uti
1156 1029 1234 1069 hoc
1262 1029 1403 1080 ipsum
1432 1029 1543 1079 cogi-

139 1102 326 1138 tantem:
364 1097 588 1137 ‘Occidere
610 1101 760 1136 contra
782 1096 915 1146 legem
939 1109 1064 1136 nemo
1086 1109 1170 1134 non
1192 1100 1350 1146 potest,
1375 1108 1544 1135 servare

140 1177 265 1204 nemo
296 1168 466 1214 praeter
497 1163 616 1203 me'?
675 1163 877 1212 Magnam
909 1162 1131 1202 fortunam
1165 1175 1345 1212 magnus
1376 1162 1544 1201 animus

138 1231 275 1279 decet,
308 1230 395 1281 qui,
427 1229 507 1270 nisi
537 1243 579 1270 se
611 1230 664 1269 ad
695 1229 812 1268 illam
842 1229 998 1268 extulit
1030 1233 1072 1268 et
1104 1228 1231 1268 altior
1260 1228 1396 1276 stetit,
1428 1228 1544 1267 illam

139 1310 310 1348 quoque
349 1296 461 1336 infra
499 1297 553 1335 ad
591 1300 750 1336 terram
790 1295 987 1340 deducit:
1043 1295 1187 1345 magni
1226 1299 1373 1334 autem
1414 1294 1546 1334 animi

139 1363 360 1414 proprium
397 1367 461 1404 est
500 1363 718 1413 placidum
756 1376 845 1402 esse
883 1362 1253 1413 tranquillumque
1290 1366 1332 1401 et
1370 1361 1545 1400 iniurias

140 1435 271 1481 atque
300 1430 554 1470 offensiones
582 1442 763 1479 superne
790 1429 1020 1478 despicere.
1084 1428 1288 1468 Muliebre
1315 1432 1379 1468 est
1407 1427 1546 1467 furere

139 1496 182 1536 in
203 1496 278 1545 ira,
300 1496 487 1536 ferarum
509 1509 611 1535 vero
632 1509 707 1535 nec
729 1508 1030 1545 generosarum
1053 1494 1226 1545 quidem
1248 1494 1546 1545 praemordere

139 1568 182 1603 et
229 1576 407 1613 urguere
455 1562 680 1613 proiectos.
744 1561 978 1612 Elephanti
1026 1561 1254 1611 leonesque
1302 1564 1544 1608 transeunt,

141 1642 251 1680 quae
272 1629 557 1679 impulerunt;
608 1628 805 1678 ignobilis
840 1627 1003 1667 bestiae
1038 1627 1275 1677 pertinacia
1308 1631 1386 1667 est.
1449 1627 1546 1666 Non

140 1696 262 1736 decet
288 1708 428 1745 regem
453 1708 583 1735 saeva
608 1708 683 1734 nec
709 1693 983 1734 inexorabilis
1007 1693 1083 1741 ira,
1109 1707 1195 1732 non
1221 1693 1407 1733 multum
1432 1693 1546 1733 enim

140 1775 270 1812 supra
298 1775 396 1802 eum
425 1761 600 1810 eminet,
631 1760 698 1801 cui
727 1774 770 1801 se
799 1760 1021 1800 irascendo
1050 1764 1287 1811 exaequat;
1333 1765 1377 1799 at
1408 1759 1442 1799 si
1470 1760 1547 1799 dat

140 1828 293 1876 vitam,
310 1828 344 1867 si
360 1828 436 1868 dat
454 1827 712 1878 dignitatem
731 1826 1076 1877 periclitantibus
1092 1830 1135 1866 et
1154 1825 1315 1866 meritis
1333 1825 1547 1874 amittere,

141 1894 259 1943 facit,
284 1895 398 1945 quod
423 1894 527 1934 nulli
550 1894 629 1934 nisi
652 1907 792 1934 rerum
816 1893 985 1944 potenti
1007 1893 1104 1933 licet
1117 1906 1126 1942 ,·
1164 1892 1257 1932 vita
1278 1892 1392 1932 enim
1415 1891 1547 1932 etiam

142 1961 347 2012 superiori
388 1961 581 2012 eripitur,
623 1974 862 2011 numquam
903 1959 983 1999 nisi
1023 1958 1213 1999 inferiori
1252 1959 1394 1999 datur.
1456 1958 1549 1998 Ser-

141 2042 243 2068 vare
278 2028 499 2078 proprium
533 2032 597 2068 est
632 2027 879 2068 excellentis
913 2026 1127 2074 fortunae,
1163 2039 1273 2076 quae
1308 2038 1547 2076 numquam

144 2094 277 2144 magis
311 2094 467 2145 suspici
500 2095 643 2142 debet,
678 2107 809 2145 quam
843 2106 940 2133 cum
974 2092 1032 2131 illi
1065 2092 1245 2142 contigit
1278 2092 1392 2132 idem
1425 2105 1548 2142 posse

144 2161 258 2212 quod
294 2161 372 2209 dis,
410 2174 592 2211 quorum
628 2160 834 2200 beneficio
868 2160 911 2199 in
947 2159 1084 2199 lucem
1118 2158 1286 2199 edimur
1319 2163 1412 2199 tam
1447 2157 1548 2198 boni

144 2241 274 2278 quam
333 2227 445 2266 mali.
510 2228 697 2267 Deorum
754 2227 902 2278 itaque
959 2226 1039 2266 sibi
1097 2226 1290 2265 animum
1348 2224 1548 2265 adserens

144 2294 340 2345 princeps
372 2293 476 2333 alios
506 2307 559 2333 ex
592 2293 757 2334 civibus
788 2293 888 2342 suis,
922 2293 1023 2344 quia
1054 2293 1181 2333 utiles
1212 2292 1400 2343 bonique
1431 2296 1548 2341 sunt,
