<?xml version="1.0" encoding="UTF-8"?>
<!DOCTYPE html PUBLIC "-//W3C//DTD XHTML 1.0 Transitional//EN"
    "http://www.w3.org/TR/xhtml1/DTD/xhtml1-transitional.dtd">
<html xmlns="http://www.w3.org/1999/xhtml" xml:lang="en" lang="en">
 <head>
  <title>
</title>
<meta http-equiv="Content-Type" content="text/html;charset=utf-8" />
  <meta name='ocr-system' content='tesseract 3.04.00' />
  <meta name='ocr-capabilities' content='ocr_page ocr_carea ocr_par ocr_line ocrx_word'/>
</head>
<body>
  <div class='ocr_page' id='page_1' title='image "./selectedessayssa00seneuoft_0041.png"; bbox 0 0 1667 2524; ppageno 0'>
   <div class='ocr_carea' id='block_1_1' title="bbox 437 488 1143 537">
    <p class='ocr_par' dir='ltr' id='par_1_1' title="bbox 437 488 1143 537">
     <span class='ocr_line' id='line_1_1' title="bbox 437 488 1143 537; baseline 0.001 -2"><span class='ocrx_word' id='word_1_1' title='bbox 437 488 490 535; x_wconf 91' lang='lat' dir='ltr'>L.</span> <span class='ocrx_word' id='word_1_2' title='bbox 534 488 796 536; x_wconf 89' lang='lat' dir='ltr'>ANNAEI</span> <span class='ocrx_word' id='word_1_3' title='bbox 845 488 1143 537; x_wconf 82' lang='lat' dir='ltr'>SENECAE</span> 
     </span>
    </p>
   </div>
   <div class='ocr_carea' id='block_1_2' title="bbox 613 618 966 651">
    <p class='ocr_par' dir='ltr' id='par_1_2' title="bbox 613 618 966 651">
     <span class='ocr_line' id='line_1_2' title="bbox 613 618 966 651; baseline 0 -1"><span class='ocrx_word' id='word_1_4' title='bbox 613 619 682 650; x_wconf 90' lang='lat' dir='ltr'>AD</span> <span class='ocrx_word' id='word_1_5' title='bbox 714 618 966 651; x_wconf 90' lang='lat' dir='ltr'><strong>POLYBIUM</strong></span> 
     </span>
    </p>
   </div>
   <div class='ocr_carea' id='block_1_3' title="bbox 510 727 1067 767">
    <p class='ocr_par' dir='ltr' id='par_1_3' title="bbox 510 727 1067 767">
     <span class='ocr_line' id='line_1_3' title="bbox 510 727 1067 767; baseline 0 -2"><span class='ocrx_word' id='word_1_6' title='bbox 510 727 585 765; x_wconf 90' lang='lat' dir='ltr'>DE</span> <span class='ocrx_word' id='word_1_7' title='bbox 625 727 1067 767; x_wconf 84' lang='lat' dir='ltr'>CONSOLATIONE</span> 
     </span>
    </p>
   </div>
   <div class='ocr_carea' id='block_1_4' title="bbox 719 835 860 873">
    <p class='ocr_par' dir='ltr' id='par_1_4' title="bbox 719 835 860 873">
     <span class='ocr_line' id='line_1_4' title="bbox 719 835 860 873; baseline 0.007 -1"><span class='ocrx_word' id='word_1_8' title='bbox 719 835 860 873; x_wconf 76' lang='lat' dir='ltr'><strong>LIBER</strong></span> 
     </span>
    </p>
   </div>
   <div class='ocr_carea' id='block_1_5' title="bbox 89 934 1497 2172">
    <p class='ocr_par' dir='ltr' id='par_1_5' title="bbox 89 934 1497 2172">
     <span class='ocr_line' id='line_1_5' title="bbox 146 934 1491 986; baseline 0.001 -13"><span class='ocrx_word' id='word_1_9' title='bbox 146 934 180 974; x_wconf 91' lang='grc' dir='ltr'>Ι.</span> <span class='ocrx_word' id='word_1_10' title='bbox 225 934 325 985; x_wconf 85' lang='lat'>[20.]</span> <span class='ocrx_word' id='word_1_11' title='bbox 357 934 434 959; x_wconf 74' lang='lat'>***</span> <span class='ocrx_word' id='word_1_12' title='bbox 466 939 639 975; x_wconf 89' lang='lat' dir='ltr'>nostrae</span> <span class='ocrx_word' id='word_1_13' title='bbox 671 948 904 985; x_wconf 86' lang='lat' dir='ltr'>compares,</span> <span class='ocrx_word' id='word_1_14' title='bbox 938 935 1060 974; x_wconf 90' lang='lat' dir='ltr'>firma</span> <span class='ocrx_word' id='word_1_15' title='bbox 1092 939 1214 983; x_wconf 90' lang='lat' dir='ltr'>sunt;</span> <span class='ocrx_word' id='word_1_16' title='bbox 1258 935 1292 975; x_wconf 89' lang='lat' dir='ltr'>si</span> <span class='ocrx_word' id='word_1_17' title='bbox 1325 935 1491 986; x_wconf 79' lang='lat' dir='ltr'>redigas</span> 
     </span>
     <span class='ocr_line' id='line_1_6' title="bbox 90 1000 1491 1041; baseline 0.001 -1"><span class='ocrx_word' id='word_1_18' title='bbox 90 1000 144 1040; x_wconf 90' lang='lat' dir='ltr'>ad</span> <span class='ocrx_word' id='word_1_19' title='bbox 172 1001 463 1040; x_wconf 84' lang='lat' dir='ltr'>condicionem</span> <span class='ocrx_word' id='word_1_20' title='bbox 489 1006 669 1040; x_wconf 85' lang='lat' dir='ltr'>naturae</span> <span class='ocrx_word' id='word_1_21' title='bbox 695 1002 839 1040; x_wconf 87' lang='lat' dir='ltr'>omnia</span> <span class='ocrx_word' id='word_1_22' title='bbox 864 1001 1125 1041; x_wconf 88' lang='lat' dir='ltr'>destruentis</span> <span class='ocrx_word' id='word_1_23' title='bbox 1149 1006 1193 1041; x_wconf 92' lang='lat' dir='ltr'>et</span> <span class='ocrx_word' id='word_1_24' title='bbox 1217 1002 1331 1041; x_wconf 91' lang='lat' dir='ltr'>unde</span> <span class='ocrx_word' id='word_1_25' title='bbox 1356 1002 1491 1041; x_wconf 88' lang='lat' dir='ltr'>edidit</span> 
     </span>
     <span class='ocr_line' id='line_1_7' title="bbox 89 1067 1492 1124; baseline 0 -17"><span class='ocrx_word' id='word_1_26' title='bbox 89 1067 240 1107; x_wconf 88' lang='lat' dir='ltr'>eodem</span> <span class='ocrx_word' id='word_1_27' title='bbox 278 1068 533 1115; x_wconf 78' lang='lat' dir='ltr'>revocantis,</span> <span class='ocrx_word' id='word_1_28' title='bbox 573 1067 734 1107; x_wconf 88' lang='lat' dir='ltr'>caduca</span> <span class='ocrx_word' id='word_1_29' title='bbox 771 1072 886 1107; x_wconf 90' lang='lat' dir='ltr'>sunt.</span> <span class='ocrx_word' id='word_1_30' title='bbox 948 1067 1492 1124; x_wconf 27' lang='lat' dir='ltr'>Quidhenimwimmortale</span> 
     </span>
     <span class='ocr_line' id='line_1_8' title="bbox 91 1123 1491 1184; baseline 0.001 -12"><span class='ocrx_word' id='word_1_31' title='bbox 91 1146 244 1172; x_wconf 88' lang='lat' dir='ltr'>manus</span> <span class='ocrx_word' id='word_1_32' title='bbox 283 1133 485 1173; x_wconf 80' lang='lat' dir='ltr'>mortales</span> <span class='ocrx_word' id='word_1_33' title='bbox 524 1134 749 1173; x_wconf 81' lang='lat' dir='ltr'>fecerunt?</span> <span class='ocrx_word' id='word_1_34' title='bbox 822 1123 996 1184; x_wconf 79' lang='lat' dir='ltr'>Septem</span> <span class='ocrx_word' id='word_1_35' title='bbox 1036 1133 1106 1173; x_wconf 92' lang='lat' dir='ltr'>illa</span> <span class='ocrx_word' id='word_1_36' title='bbox 1140 1134 1346 1173; x_wconf 87' lang='lat' dir='ltr'>miracula</span> <span class='ocrx_word' id='word_1_37' title='bbox 1376 1139 1419 1174; x_wconf 89' lang='lat' dir='ltr'>et</span> <span class='ocrx_word' id='word_1_38' title='bbox 1458 1135 1491 1174; x_wconf 91' lang='lat' dir='ltr'>si</span> 
     </span>
     <span class='ocr_line' id='line_1_9' title="bbox 91 1189 1492 1251; baseline 0.001 -13"><span class='ocrx_word' id='word_1_39' title='bbox 91 1189 267 1250; x_wconf 54' lang='lat' dir='ltr'>‹Tuffl&#39;iis</span> <span class='ocrx_word' id='word_1_40' title='bbox 294 1199 431 1239; x_wconf 79' lang='lat' dir='ltr'>multo</span> <span class='ocrx_word' id='word_1_41' title='bbox 461 1199 723 1239; x_wconf 77' lang='lat' dir='ltr'>mirabiliora</span> <span class='ocrx_word' id='word_1_42' title='bbox 748 1201 1021 1251; x_wconf 88' lang='lat' dir='ltr'>sequentium</span> <span class='ocrx_word' id='word_1_43' title='bbox 1048 1213 1259 1240; x_wconf 90' lang='lat' dir='ltr'>annorum</span> <span class='ocrx_word' id='word_1_44' title='bbox 1278 1201 1492 1240; x_wconf 74' lang='lat' dir='ltr'>exstruxit</span> 
     </span>
     <span class='ocr_line' id='line_1_10' title="bbox 91 1265 1493 1317; baseline 0.001 -12"><span class='ocrx_word' id='word_1_45' title='bbox 91 1265 271 1306; x_wconf 78' lang='lat' dir='ltr'>ambitio</span> <span class='ocrx_word' id='word_1_46' title='bbox 299 1266 531 1317; x_wconf 87' lang='lat' dir='ltr'>aliquando</span> <span class='ocrx_word' id='word_1_47' title='bbox 560 1266 648 1306; x_wconf 89' lang='lat' dir='ltr'>solo</span> <span class='ocrx_word' id='word_1_48' title='bbox 677 1271 864 1317; x_wconf 89' lang='lat' dir='ltr'>aequata</span> <span class='ocrx_word' id='word_1_49' title='bbox 893 1267 1099 1306; x_wconf 79' lang='lat' dir='ltr'>visentur.</span> <span class='ocrx_word' id='word_1_50' title='bbox 1162 1267 1231 1307; x_wconf 86' lang='lat' dir='ltr'>Ita</span> <span class='ocrx_word' id='word_1_51' title='bbox 1259 1272 1345 1307; x_wconf 88' lang='lat' dir='ltr'>est:</span> <span class='ocrx_word' id='word_1_52' title='bbox 1389 1267 1493 1306; x_wconf 90' lang='lat' dir='ltr'>nihil</span> 
     </span>
     <span class='ocr_line' id='line_1_11' title="bbox 92 1333 1493 1384; baseline 0.001 -12"><span class='ocrx_word' id='word_1_53' title='bbox 92 1337 361 1383; x_wconf 82' lang='lat' dir='ltr'>perpetuum,</span> <span class='ocrx_word' id='word_1_54' title='bbox 388 1346 525 1383; x_wconf 90' lang='lat' dir='ltr'>pauca</span> <span class='ocrx_word' id='word_1_55' title='bbox 549 1333 755 1372; x_wconf 84' lang='lat' dir='ltr'>diuturna</span> <span class='ocrx_word' id='word_1_56' title='bbox 780 1338 902 1381; x_wconf 88' lang='lat' dir='ltr'>sunt;</span> <span class='ocrx_word' id='word_1_57' title='bbox 943 1333 1057 1373; x_wconf 90' lang='lat' dir='ltr'>aliud</span> <span class='ocrx_word' id='word_1_58' title='bbox 1084 1333 1165 1373; x_wconf 90' lang='lat' dir='ltr'>alio</span> <span class='ocrx_word' id='word_1_59' title='bbox 1194 1334 1322 1373; x_wconf 92' lang='lat' dir='ltr'>modo</span> <span class='ocrx_word' id='word_1_60' title='bbox 1347 1334 1493 1384; x_wconf 79' lang='lat' dir='ltr'>fragile</span> 
     </span>
     <span class='ocr_line' id='line_1_12' title="bbox 91 1400 1493 1451; baseline 0.001 -13"><span class='ocrx_word' id='word_1_61' title='bbox 91 1403 169 1447; x_wconf 72' lang='lat' dir='ltr'>est,</span> <span class='ocrx_word' id='word_1_62' title='bbox 203 1412 342 1438; x_wconf 87' lang='lat' dir='ltr'>rerum</span> <span class='ocrx_word' id='word_1_63' title='bbox 373 1400 516 1439; x_wconf 81' lang='lat' dir='ltr'>exitus</span> <span class='ocrx_word' id='word_1_64' title='bbox 548 1400 785 1448; x_wconf 78' lang='lat' dir='ltr'>variantur,</span> <span class='ocrx_word' id='word_1_65' title='bbox 820 1404 1008 1440; x_wconf 91' lang='lat' dir='ltr'>ceterum</span> <span class='ocrx_word' id='word_1_66' title='bbox 1041 1400 1246 1451; x_wconf 87' lang='lat' dir='ltr'>quicquid</span> <span class='ocrx_word' id='word_1_67' title='bbox 1281 1401 1420 1450; x_wconf 90' lang='lat' dir='ltr'>coepit</span> <span class='ocrx_word' id='word_1_68' title='bbox 1450 1404 1493 1440; x_wconf 90' lang='lat' dir='ltr'>et</span> 
     </span>
     <span class='ocr_line' id='line_1_13' title="bbox 92 1465 1494 1517; baseline 0.001 -12"><span class='ocrx_word' id='word_1_69' title='bbox 92 1465 262 1505; x_wconf 82' lang='lat' dir='ltr'>desinit.</span> <span class='ocrx_word' id='word_1_70' title='bbox 324 1465 485 1505; x_wconf 81' lang='lat' dir='ltr'>Mundo</span> <span class='ocrx_word' id='word_1_71' title='bbox 539 1466 716 1517; x_wconf 88' lang='lat' dir='ltr'>quidam</span> <span class='ocrx_word' id='word_1_72' title='bbox 773 1466 995 1506; x_wconf 89' lang='lat' dir='ltr'>minantur</span> <span class='ocrx_word' id='word_1_73' title='bbox 1046 1467 1271 1506; x_wconf 88' lang='lat' dir='ltr'>interitum</span> <span class='ocrx_word' id='word_1_74' title='bbox 1324 1472 1367 1506; x_wconf 86' lang='lat' dir='ltr'>et</span> <span class='ocrx_word' id='word_1_75' title='bbox 1412 1466 1494 1506; x_wconf 80' lang='lat' dir='ltr'>huc</span> 
     </span>
     <span class='ocr_line' id='line_1_14' title="bbox 92 1532 1493 1584; baseline 0.001 -14"><span class='ocrx_word' id='word_1_76' title='bbox 92 1532 353 1580; x_wconf 84' lang='lat' dir='ltr'>universum,</span> <span class='ocrx_word' id='word_1_77' title='bbox 383 1532 497 1582; x_wconf 90' lang='lat' dir='ltr'>quod</span> <span class='ocrx_word' id='word_1_78' title='bbox 525 1533 670 1571; x_wconf 88' lang='lat' dir='ltr'>omnia</span> <span class='ocrx_word' id='word_1_79' title='bbox 697 1532 845 1572; x_wconf 85' lang='lat' dir='ltr'>divina</span> <span class='ocrx_word' id='word_1_80' title='bbox 873 1532 1149 1584; x_wconf 87' lang='lat' dir='ltr'>humanaque</span> <span class='ocrx_word' id='word_1_81' title='bbox 1179 1533 1493 1583; x_wconf 75' lang='lat' dir='ltr'>complectitur,</span> 
     </span>
     <span class='ocr_line' id='line_1_15' title="bbox 92 1599 1494 1650; baseline 0.001 -12"><span class='ocrx_word' id='word_1_82' title='bbox 92 1599 125 1638; x_wconf 88' lang='lat' dir='ltr'>si</span> <span class='ocrx_word' id='word_1_83' title='bbox 141 1599 205 1638; x_wconf 84' lang='lat' dir='ltr'>fas</span> <span class='ocrx_word' id='word_1_84' title='bbox 221 1603 349 1648; x_wconf 88' lang='lat' dir='ltr'>putas</span> <span class='ocrx_word' id='word_1_85' title='bbox 367 1599 547 1647; x_wconf 80' lang='lat' dir='ltr'>credere,</span> <span class='ocrx_word' id='word_1_86' title='bbox 563 1599 653 1639; x_wconf 89' lang='lat' dir='ltr'>dies</span> <span class='ocrx_word' id='word_1_87' title='bbox 669 1599 823 1650; x_wconf 88' lang='lat' dir='ltr'>aliquis</span> <span class='ocrx_word' id='word_1_88' title='bbox 838 1599 1066 1650; x_wconf 86' lang='lat' dir='ltr'>dissipabit</span> <span class='ocrx_word' id='word_1_89' title='bbox 1081 1604 1125 1639; x_wconf 92' lang='lat' dir='ltr'>et</span> <span class='ocrx_word' id='word_1_90' title='bbox 1140 1600 1184 1638; x_wconf 92' lang='lat' dir='ltr'>in</span> <span class='ocrx_word' id='word_1_91' title='bbox 1202 1600 1494 1639; x_wconf 85' lang='lat' dir='ltr'>confusionem</span> 
     </span>
     <span class='ocr_line' id='line_1_16' title="bbox 94 1665 1495 1717; baseline 0.001 -14"><span class='ocrx_word' id='word_1_92' title='bbox 94 1668 281 1704; x_wconf 83' lang='lat' dir='ltr'>veterem</span> <span class='ocrx_word' id='word_1_93' title='bbox 331 1665 615 1716; x_wconf 87' lang='lat' dir='ltr'>tenebrasque</span> <span class='ocrx_word' id='word_1_94' title='bbox 663 1665 904 1716; x_wconf 84' lang='lat' dir='ltr'>demerget:</span> <span class='ocrx_word' id='word_1_95' title='bbox 967 1670 1038 1706; x_wconf 89' lang='lat' dir='ltr'>eat</span> <span class='ocrx_word' id='word_1_96' title='bbox 1088 1679 1200 1705; x_wconf 86' lang='lat' dir='ltr'>nunc</span> <span class='ocrx_word' id='word_1_97' title='bbox 1251 1666 1405 1717; x_wconf 88' lang='lat' dir='ltr'>aliquis</span> <span class='ocrx_word' id='word_1_98' title='bbox 1452 1670 1495 1706; x_wconf 93' lang='lat' dir='ltr'>et</span> 
     </span>
     <span class='ocr_line' id='line_1_17' title="bbox 93 1731 1496 1783; baseline 0.001 -14"><span class='ocrx_word' id='word_1_99' title='bbox 93 1731 280 1781; x_wconf 85' lang='lat' dir='ltr'>singulas</span> <span class='ocrx_word' id='word_1_100' title='bbox 320 1731 553 1782; x_wconf 82' lang='lat' dir='ltr'>comploret</span> <span class='ocrx_word' id='word_1_101' title='bbox 592 1732 779 1780; x_wconf 85' lang='lat' dir='ltr'>animas;</span> <span class='ocrx_word' id='word_1_102' title='bbox 833 1731 1106 1783; x_wconf 84' lang='lat' dir='ltr'>Carthaginis</span> <span class='ocrx_word' id='word_1_103' title='bbox 1144 1745 1192 1771; x_wconf 85' lang='lat' dir='ltr'>ac</span> <span class='ocrx_word' id='word_1_104' title='bbox 1233 1732 1496 1772; x_wconf 87' lang='lat' dir='ltr'>Numantiae</span> 
     </span>
     <span class='ocr_line' id='line_1_18' title="bbox 93 1797 1496 1849; baseline 0.001 -14"><span class='ocrx_word' id='word_1_105' title='bbox 93 1797 372 1848; x_wconf 79' lang='lat' dir='ltr'>Corinthique</span> <span class='ocrx_word' id='word_1_106' title='bbox 399 1798 581 1838; x_wconf 87' lang='lat' dir='ltr'>cinerem</span> <span class='ocrx_word' id='word_1_107' title='bbox 605 1802 649 1838; x_wconf 94' lang='lat' dir='ltr'>et</span> <span class='ocrx_word' id='word_1_108' title='bbox 674 1798 707 1837; x_wconf 89' lang='lat' dir='ltr'>si</span> <span class='ocrx_word' id='word_1_109' title='bbox 734 1798 837 1849; x_wconf 93' lang='lat' dir='ltr'>quid</span> <span class='ocrx_word' id='word_1_110' title='bbox 863 1799 978 1838; x_wconf 89' lang='lat' dir='ltr'>aliud</span> <span class='ocrx_word' id='word_1_111' title='bbox 1004 1799 1133 1839; x_wconf 88' lang='lat' dir='ltr'>altius</span> <span class='ocrx_word' id='word_1_112' title='bbox 1160 1799 1312 1838; x_wconf 88' lang='lat' dir='ltr'>cecidit</span> <span class='ocrx_word' id='word_1_113' title='bbox 1338 1799 1496 1839; x_wconf 89' lang='lat' dir='ltr'>lamen-</span> 
     </span>
     <span class='ocr_line' id='line_1_19' title="bbox 94 1864 1496 1917; baseline 0.001 -15"><span class='ocrx_word' id='word_1_114' title='bbox 94 1867 223 1912; x_wconf 88' lang='lat' dir='ltr'>tetur,</span> <span class='ocrx_word' id='word_1_115' title='bbox 256 1877 352 1903; x_wconf 89' lang='lat' dir='ltr'>cum</span> <span class='ocrx_word' id='word_1_116' title='bbox 380 1864 512 1904; x_wconf 88' lang='lat' dir='ltr'>etiam</span> <span class='ocrx_word' id='word_1_117' title='bbox 542 1864 623 1904; x_wconf 87' lang='lat' dir='ltr'>hoc</span> <span class='ocrx_word' id='word_1_118' title='bbox 654 1865 769 1916; x_wconf 93' lang='lat' dir='ltr'>quod</span> <span class='ocrx_word' id='word_1_119' title='bbox 800 1878 886 1904; x_wconf 92' lang='lat' dir='ltr'>non</span> <span class='ocrx_word' id='word_1_120' title='bbox 914 1864 1046 1905; x_wconf 89' lang='lat' dir='ltr'>habet</span> <span class='ocrx_word' id='word_1_121' title='bbox 1077 1879 1162 1917; x_wconf 91' lang='lat' dir='ltr'>quo</span> <span class='ocrx_word' id='word_1_122' title='bbox 1194 1865 1320 1905; x_wconf 85' lang='lat' dir='ltr'>cadat</span> <span class='ocrx_word' id='word_1_123' title='bbox 1351 1866 1406 1905; x_wconf 89' lang='lat' dir='ltr'>sit</span> <span class='ocrx_word' id='word_1_124' title='bbox 1435 1866 1496 1904; x_wconf 90' lang='lat' dir='ltr'>in-</span> 
     </span>
     <span class='ocr_line' id='line_1_20' title="bbox 95 1930 1497 1983; baseline 0.001 -14"><span class='ocrx_word' id='word_1_125' title='bbox 95 1930 345 1979; x_wconf 85' lang='lat' dir='ltr'>teriturum;</span> <span class='ocrx_word' id='word_1_126' title='bbox 395 1934 466 1970; x_wconf 91' lang='lat' dir='ltr'>eat</span> <span class='ocrx_word' id='word_1_127' title='bbox 502 1930 656 1982; x_wconf 90' lang='lat' dir='ltr'>aliquis</span> <span class='ocrx_word' id='word_1_128' title='bbox 690 1935 734 1971; x_wconf 90' lang='lat' dir='ltr'>et</span> <span class='ocrx_word' id='word_1_129' title='bbox 768 1932 861 1971; x_wconf 82' lang='lat' dir='ltr'>fata</span> <span class='ocrx_word' id='word_1_130' title='bbox 897 1936 1071 1972; x_wconf 87' lang='lat' dir='ltr'>tantum</span> <span class='ocrx_word' id='word_1_131' title='bbox 1108 1932 1342 1983; x_wconf 90' lang='lat' dir='ltr'>aliquando</span> <span class='ocrx_word' id='word_1_132' title='bbox 1378 1932 1497 1971; x_wconf 86' lang='lat' dir='ltr'>nefas</span> 
     </span>
     <span class='ocr_line' id='line_1_21' title="bbox 95 1996 1496 2049; baseline 0.001 -14"><span class='ocrx_word' id='word_1_133' title='bbox 95 2008 250 2035; x_wconf 86' lang='lat' dir='ltr'>ausura</span> <span class='ocrx_word' id='word_1_134' title='bbox 281 1996 361 2036; x_wconf 90' lang='lat' dir='ltr'>sibi</span> <span class='ocrx_word' id='word_1_135' title='bbox 393 2010 479 2036; x_wconf 91' lang='lat' dir='ltr'>non</span> <span class='ocrx_word' id='word_1_136' title='bbox 510 1997 746 2048; x_wconf 77' lang='lat' dir='ltr'>pepercisse</span> <span class='ocrx_word' id='word_1_137' title='bbox 779 2002 1080 2049; x_wconf 84' lang='lat' dir='ltr'>conqueratur.</span> <span class='ocrx_word' id='word_1_138' title='bbox 1127 1998 1228 2048; x_wconf 84' lang='lat'>[21.]</span> <span class='ocrx_word' id='word_1_139' title='bbox 1270 1998 1374 2047; x_wconf 78' lang='lat' dir='ltr'>Quis</span> <span class='ocrx_word' id='word_1_140' title='bbox 1406 2002 1496 2037; x_wconf 90' lang='lat' dir='ltr'>tam</span> 
     </span>
     <span class='ocr_line' id='line_1_22' title="bbox 95 2062 1496 2115; baseline 0.001 -14"><span class='ocrx_word' id='word_1_141' title='bbox 95 2062 302 2112; x_wconf 88' lang='lat' dir='ltr'>superbae</span> <span class='ocrx_word' id='word_1_142' title='bbox 325 2063 662 2115; x_wconf 89' lang='lat' dir='ltr'>impotentisque</span> <span class='ocrx_word' id='word_1_143' title='bbox 686 2065 965 2115; x_wconf 79' lang='lat' dir='ltr'>adrogantiae</span> <span class='ocrx_word' id='word_1_144' title='bbox 986 2069 1064 2113; x_wconf 85' lang='lat' dir='ltr'>est,</span> <span class='ocrx_word' id='word_1_145' title='bbox 1080 2069 1129 2105; x_wconf 86' lang='lat' dir='ltr'>ut</span> <span class='ocrx_word' id='word_1_146' title='bbox 1153 2065 1196 2104; x_wconf 91' lang='lat' dir='ltr'>in</span> <span class='ocrx_word' id='word_1_147' title='bbox 1214 2064 1293 2104; x_wconf 90' lang='lat' dir='ltr'>hac</span> <span class='ocrx_word' id='word_1_148' title='bbox 1317 2069 1496 2104; x_wconf 84' lang='lat' dir='ltr'>naturae</span> 
     </span>
     <span class='ocr_line' id='line_1_23' title="bbox 96 2129 1496 2172; baseline 0.001 -5"><span class='ocrx_word' id='word_1_149' title='bbox 96 2129 348 2169; x_wconf 84' lang='lat' dir='ltr'>necessitate</span> <span class='ocrx_word' id='word_1_150' title='bbox 380 2130 523 2169; x_wconf 82' lang='lat' dir='ltr'>omnia</span> <span class='ocrx_word' id='word_1_151' title='bbox 554 2130 608 2171; x_wconf 89' lang='lat' dir='ltr'>ad</span> <span class='ocrx_word' id='word_1_152' title='bbox 638 2131 823 2171; x_wconf 89' lang='lat' dir='ltr'>eundem</span> <span class='ocrx_word' id='word_1_153' title='bbox 854 2131 982 2171; x_wconf 89' lang='lat' dir='ltr'>finem</span> <span class='ocrx_word' id='word_1_154' title='bbox 1013 2132 1256 2172; x_wconf 86' lang='lat' dir='ltr'>revocantis</span> <span class='ocrx_word' id='word_1_155' title='bbox 1289 2145 1330 2171; x_wconf 91' lang='lat' dir='ltr'>se</span> <span class='ocrx_word' id='word_1_156' title='bbox 1362 2144 1496 2170; x_wconf 90' lang='lat' dir='ltr'>unum</span> 
     </span>
    </p>
   </div>
   <div class='ocr_carea' id='block_1_6' title="bbox 96 2196 1497 2249">
    <p class='ocr_par' dir='ltr' id='par_1_6' title="bbox 96 2196 1497 2249">
     <span class='ocr_line' id='line_1_24' title="bbox 96 2196 1497 2249; baseline 0.001 -15"><span class='ocrx_word' id='word_1_157' title='bbox 96 2208 145 2234; x_wconf 86' lang='lat' dir='ltr'>ac</span> <span class='ocrx_word' id='word_1_158' title='bbox 177 2208 275 2235; x_wconf 90' lang='lat' dir='ltr'>suos</span> <span class='ocrx_word' id='word_1_159' title='bbox 307 2197 453 2247; x_wconf 90' lang='lat' dir='ltr'>seponi</span> <span class='ocrx_word' id='word_1_160' title='bbox 486 2196 589 2238; x_wconf 87' lang='lat' dir='ltr'>velit</span> <span class='ocrx_word' id='word_1_161' title='bbox 622 2197 855 2249; x_wconf 89' lang='lat' dir='ltr'>ruinaeque</span> <span class='ocrx_word' id='word_1_162' title='bbox 886 2198 1018 2238; x_wconf 89' lang='lat' dir='ltr'>etiam</span> <span class='ocrx_word' id='word_1_163' title='bbox 1050 2198 1130 2249; x_wconf 86' lang='lat' dir='ltr'>ipsi</span> <span class='ocrx_word' id='word_1_164' title='bbox 1163 2198 1325 2238; x_wconf 89' lang='lat' dir='ltr'>mundo</span> <span class='ocrx_word' id='word_1_165' title='bbox 1359 2197 1497 2236; x_wconf 88' lang='lat' dir='ltr'>immi-</span> 
     </span>
    </p>
   </div>
   <div class='ocr_carea' id='block_1_7' title="bbox 1518 944 1534 973">
    <p class='ocr_par' dir='ltr' id='par_1_7' title="bbox 1518 944 1534 973">
     <span class='ocr_line' id='line_1_25' title="bbox 1518 944 1534 973; baseline 0 0"><span class='ocrx_word' id='word_1_166' title='bbox 1518 944 1534 973; x_wconf 92' lang='lat'>1</span> 
     </span>
    </p>
   </div>
   <div class='ocr_carea' id='block_1_8' title="bbox 1521 1474 1540 1502">
    <p class='ocr_par' dir='ltr' id='par_1_8' title="bbox 1521 1474 1540 1502">
     <span class='ocr_line' id='line_1_26' title="bbox 1521 1474 1540 1502; textangle 90"><span class='ocrx_word' id='word_1_167' title='bbox 1521 1474 1540 1502; x_wconf 68' lang='grc' dir='ltr'>[Ο</span> 
     </span>
    </p>
   </div>
   <div class='ocr_carea' id='block_1_9' title="bbox 97 2261 1541 2321">
    <p class='ocr_par' dir='ltr' id='par_1_9' title="bbox 97 2261 1541 2321">
     <span class='ocr_line' id='line_1_27' title="bbox 97 2261 1541 2321; baseline 0.003 -22"><span class='ocrx_word' id='word_1_168' title='bbox 97 2262 215 2301; x_wconf 90' lang='lat' dir='ltr'>nenti</span> <span class='ocrx_word' id='word_1_169' title='bbox 254 2261 443 2313; x_wconf 89' lang='lat' dir='ltr'>aliquam</span> <span class='ocrx_word' id='word_1_170' title='bbox 481 2263 659 2303; x_wconf 92' lang='lat' dir='ltr'>domum</span> <span class='ocrx_word' id='word_1_171' title='bbox 697 2263 958 2303; x_wconf 84' lang='lat' dir='ltr'>subtrahat?</span> <span class='ocrx_word' id='word_1_172' title='bbox 1017 2264 1411 2321; x_wconf 48' lang='lat' dir='ltr'>hlagi—mjimerge-</span> <span class='ocrx_word' id='word_1_173' title='bbox 1426 2277 1497 2303; x_wconf 84' lang='lat' dir='ltr'>so-</span> <span class='ocrx_word' id='word_1_174' title='bbox 1523 2280 1541 2307; x_wconf 82' lang='lat'>4</span> 
     </span>
    </p>
   </div>
   <div class='ocr_carea' id='block_1_10' title="bbox 97 2326 1497 2383">
    <p class='ocr_par' dir='ltr' id='par_1_10' title="bbox 97 2326 1497 2383">
     <span class='ocr_line' id='line_1_28' title="bbox 97 2326 1497 2383; baseline 0.002 -17"><span class='ocrx_word' id='word_1_175' title='bbox 97 2326 252 2367; x_wconf 85' lang='lat' dir='ltr'>lacium</span> <span class='ocrx_word' id='word_1_176' title='bbox 279 2332 343 2368; x_wconf 88' lang='lat' dir='ltr'>est</span> <span class='ocrx_word' id='word_1_177' title='bbox 373 2329 558 2382; x_wconf 71' lang='lat' dir='ltr'>cogitare</span> <span class='ocrx_word' id='word_1_178' title='bbox 585 2329 627 2369; x_wconf 92' lang='lat' dir='ltr'>id</span> <span class='ocrx_word' id='word_1_179' title='bbox 656 2329 981 2379; x_wconf 54' lang='lat' dir='ltr'>sibiasscidiSse,</span> <span class='ocrx_word' id='word_1_180' title='bbox 1008 2330 1298 2383; x_wconf 32' lang='lat' dir='ltr'>quod-omnes</span> <span class='ocrx_word' id='word_1_181' title='bbox 1326 2335 1426 2370; x_wconf 90' lang='lat' dir='ltr'>ante</span> <span class='ocrx_word' id='word_1_182' title='bbox 1454 2343 1497 2369; x_wconf 94' lang='lat' dir='ltr'>se</span> 
     </span>
    </p>
   </div>
   <div class='ocr_carea' id='block_1_11' title="bbox 316 2373 806 2455">
    <p class='ocr_par' dir='ltr' id='par_1_11' title="bbox 316 2373 806 2455">
     <span class='ocr_line' id='line_1_29' title="bbox 316 2373 806 2455; baseline 0.004 -31"><span class='ocrx_word' id='word_1_183' title='bbox 316 2403 338 2424; x_wconf 89' lang='grc' dir='ltr'><strong>Β</strong></span> <span class='ocrx_word' id='word_1_184' title='bbox 541 2373 631 2455; x_wconf 46' lang='grc' dir='ltr'>Ὓΐ]</span> <span class='ocrx_word' id='word_1_185' title='bbox 790 2397 806 2426; x_wconf 92' lang='grc'><strong>1</strong></span> 
     </span>
    </p>
   </div>
  </div>
 </body>
</html>
