1667 2524
579 99 872 134 APOCOLOCY
879 99 1051 134 NTOSIS
1461 96 1515 138 35

452 218 615 259 Deflete
637 218 790 267 virum,
814 232 898 271 quo
918 232 1005 259 non
1027 217 1133 259 alius

452 285 596 336 potuit
619 285 744 325 citius
764 285 924 325 discere
948 297 1111 334 causas,

391 367 424 392 40
454 365 540 392 una
562 356 735 391 tantum
757 355 881 402 parte
902 351 1067 400 audita,

451 431 577 468 saepe
598 431 675 458 nec
696 422 808 458 utra.
869 417 974 466 Quis
995 431 1109 458 nunc
1129 417 1261 458 iudex

452 489 547 524 toto
570 484 664 525 lites
687 484 833 524 audiet
857 497 969 524 anno
983 486 1001 523 ?

453 551 547 591 Tibi
569 551 654 591 iam
678 551 799 591 cedet
822 551 920 591 sede
942 551 1103 600 relicta,

453 618 524 669 qui
546 618 622 657 dat
644 617 802 668 populo
826 618 918 657 iura
940 617 1095 666 silenti,

389 699 422 725 50
451 684 629 724 Cretaea
651 689 801 724 tenens
823 684 983 735 oppida
1006 689 1193 725 centum.

451 750 626 791 Caedite
648 751 823 790 maestis
846 756 1021 801 pectora
1043 750 1210 802 palmis,

454 830 478 856 o
500 817 715 865 causidici,
740 817 890 857 venale
912 830 1057 867 genus.

453 883 625 934 Vosque
647 888 800 934 poetae
823 883 963 934 lugete
986 884 1101 932 novi,

452 962 615 1001 vosque
636 950 680 989 in
701 950 849 1000 primis
871 951 943 1001 qui
967 963 1171 990 concusso

392 1031 424 1057 σο
454 1029 611 1067 magna
632 1017 817 1067 parastis
839 1016 954 1056 lucra
976 1017 1153 1057 fritillo)

175 1148 305 1189 XIII.
349 1149 660 1190 Delectabatur
684 1149 883 1190 laudibus
909 1150 995 1189 suis
1019 1150 1224 1190 Claudius
1249 1154 1291 1190 et
1319 1150 1519 1201 cupiebat
1552 1157 1567 1185 1

118 1216 282 1256 diutius
315 1222 522 1267 spectare.
583 1217 711 1256 Inicit
745 1216 803 1255 illi
837 1230 1015 1256 manum
1049 1217 1308 1267 Talthybius
1341 1217 1519 1257 deorum

118 1288 161 1322 et
191 1282 325 1322 trahit
357 1283 496 1334 capite
526 1283 748 1331 obvoluto,
779 1296 831 1323 ne
860 1284 955 1334 quis
983 1296 1082 1323 eum
1111 1284 1247 1334 possit
1277 1297 1518 1334 agnoscere,

119 1362 195 1399 per
223 1362 424 1400 campum
453 1350 672 1398 Martium,
701 1355 743 1389 et
772 1350 884 1389 inter
910 1350 1099 1389 Tiberim
1126 1355 1169 1390 et
1199 1350 1315 1389 viam
1343 1350 1521 1390 Tectam

118 1416 339 1455 descendit
386 1416 440 1455 ad
487 1416 657 1456 inferos.
719 1412 1018 1456 Antecesserat
1066 1417 1152 1455 iam
1201 1417 1520 1467 compendiaria
1549 1425 1567 1453 2

120 1481 343 1522 Narcissus
369 1482 547 1522 libertus
582 1483 636 1522 ad
663 1488 896 1533 patronum
928 1483 1230 1533 excipiendum
1257 1487 1299 1522 et
1327 1483 1521 1523 venienti

119 1549 295 1597 nitidus,
327 1553 376 1588 ut
407 1554 499 1588 erat
531 1562 555 1588 a
586 1548 769 1596 balineo,
802 1549 985 1589 occurrit
1017 1554 1059 1589 et
1093 1549 1175 1589 ait:
1222 1549 1347 1601 ‘quid
1389 1549 1431 1589 di
1466 1549 1520 1589 ad

119 1613 362 1654 homines?'
422 1615 655 1663 ‘Celerius‚’
698 1616 839 1666 inquit
878 1615 1124 1664 Mercurius,
1157 1616 1221 1656 ‘et
1260 1616 1405 1656 Venire
1445 1629 1522 1674 {¹95

107 1681 301 1729 ,nuntias
363 1681 489 1721 Dicto
519 1681 643 1721 citius
666 1682 889 1721 Narcissus
910 1682 1068 1722 evolat.
1131 1682 1286 1722 Omnia
1312 1670 1568 1734 procfiviaa

119 1752 234 1796 sunt,
284 1747 407 1787 facile
457 1748 743 1788 descenditur.
805 1748 960 1799 Itaque
1006 1749 1212 1800 ‘quamvis
1262 1750 1522 1800 podagricus

118 1818 242 1862 esset,
286 1820 507 1854 momento
551 1815 758 1865 temporis
811 1816 1008 1866 pervenit
1061 1815 1115 1855 ad
1171 1816 1346 1855 ianuam
1398 1816 1511 1855 Ditis

65 1922 68 1924 v
119 1879 192 1918 ubi
209 1879 377 1920 iacebat
395 1880 601 1920 Cerberus
618 1881 699 1929 vel,
718 1886 767 1921 ut
785 1881 845 1921 ait
866 1881 1088 1930 Horatius,
1107 1882 1116 1898 ¹
1129 1881 1255 1921 belua
1275 1882 1516 1933 centiceps.’

120 1945 327 1986 Pusillum
390 1947 671 1997 perturbatur
689 1970 742 1974 —
760 1948 987 1987 subalbam
1046 1961 1195 1988 canem
1261 1949 1304 1988 in
1360 1948 1521 1989 deliciis

119 2011 275 2053 habere
332 2013 589 2054 adsueverat
609 2019 729 2054 —ut
786 2014 905 2054 illum
963 2015 1073 2054 vidit
1133 2028 1282 2055 canem
1338 2015 1522 2066 nigrum,

120 2078 333 2128 villosum,
361 2093 463 2120 sane
490 2093 576 2120 non
604 2094 732 2131 quem
760 2080 864 2120 velis
893 2080 971 2120 tibi
1000 2081 1043 2120 in
1071 2081 1258 2121 tenebris
1287 2094 1519 2121 occurrere.

121 2144 178 2184 Et
202 2159 359 2196 magna
384 2160 501 2195 voce,
529 2147 782 2195 ‘Claudius‚’
806 2147 1178 2201 inquit-12{veniet}v
1235 2147 1343 2187 Cum
1371 2148 1523 2199 plausu
1552 2157 1571 2185 4

120 2205 620 2261 procedunt-cantantes:
641 2211 887 2266 εὑρήκαμεν,
912 2212 1219 2268 συγχαίρομεν.
1276 2214 1357 2253 Hic
1374 2219 1466 2254 erat
1480 2214 1524 2254 C.

122 2279 247 2321 Silius
273 2281 418 2322 consul
443 2282 708 2334 designatus,
736 2283 897 2323 Iuncus
922 2283 1176 2334 praetorius,
1204 2283 1301 2323 Sex.
1328 2283 1524 2328 Traulus,
