1667 2524
139 150 193 192 58
583 155 623 188 L.
660 153 854 187 ANNAEI
888 153 944 185 sn
955 151 1116 185 NECAE

140 273 371 314 antecedas
405 285 675 324 quorumque
710 271 789 312 tibi
824 285 910 311 non
944 272 1128 312 servitus
1162 271 1325 311 tradita
1358 271 1428 319 sit,
1464 271 1534 311 sed

141 340 291 380 tutela.
353 339 495 380 Servis
525 339 578 379 ad
609 343 803 378 statuam
833 338 931 378 licet
962 339 1208 388 confugere;
1256 350 1352 376 cum
1382 337 1425 376 in
1454 350 1537 377 ser-

141 420 243 446 vum
274 406 417 445 omnia
447 405 617 453 liceant,
647 409 711 444 est
741 404 918 456 aliquid,
949 404 1064 455 quod
1094 404 1137 443 in
1167 404 1384 443 hominem
1415 403 1537 443 licere

142 486 367 513 commune
417 472 482 511 ius
532 471 820 511 animantium
860 475 993 511 vetet.
1065 470 1169 519 Quis
1219 484 1304 509 non
1354 470 1537 510 Vedium

142 539 376 579 Pollionem
410 538 530 589 peius
563 538 713 578 oderat
746 550 877 588 quam
909 537 1018 577 servi
1052 537 1130 585 sui,
1164 537 1278 588 quod
1312 549 1539 576 muraenas

141 606 346 656 sanguine
376 604 566 644 humano
595 603 823 654 saginabat
852 608 895 643 et
924 617 1010 652 eos,
1041 604 1114 654 qui
1144 616 1186 643 se
1216 603 1377 654 aliquid
1407 603 1539 642 offen-

141 673 309 720 derant,
340 672 384 710 in
414 671 644 718 vivarium,
676 670 778 722 quid
811 670 926 710 aliud
958 683 1090 721 quam
1120 670 1398 720 serpentium,
1430 669 1539 708 abici

142 738 351 778 iubebat?
436 737 471 777 O
525 737 741 777 hominem
798 736 911 776 mille
953 736 1165 776 mortibus
1218 736 1410 786 dignum,
1451 736 1540 775 sive

142 805 413 846 devorandos
442 817 587 844 servos
617 803 831 843 obiciebat
861 803 1090 851 muraenis,
1122 816 1228 854 quas
1257 815 1404 842 esurus
1433 806 1539 845 crat,

143 872 232 912 sive
261 872 304 910 in
333 871 412 911 hoc
442 875 616 911 tantum
646 870 738 910 illas
767 870 925 918 alebat,
956 874 1005 909 ut
1034 870 1092 909 sic
1122 869 1266 909 aleret.
1327 868 1541 917 Quemad-

142 938 321 978 modum
362 937 522 978 domini
570 936 759 976 crudeles
802 941 896 976 tota
934 936 1111 976 civitate
1149 939 1542 975 commonstrantur

143 1005 356 1056 invisique
382 1008 425 1044 et
452 1003 729 1044 detestabiles
756 1008 871 1051 sunt,
900 1003 961 1042 ita
989 1016 1135 1053 regum
1162 1007 1205 1042 et
1233 1002 1386 1041 iniuria
1413 1001 1541 1041 latius

144 1075 266 1123 patet
296 1075 339 1111 et
369 1070 547 1110 infamia
577 1074 709 1121 atque
739 1070 886 1109 odium
916 1069 1094 1109 saeculis
1124 1069 1312 1108 traditur
1322 1081 1330 1116 ;
1377 1072 1541 1119 quanto

144 1143 290 1178 autem
312 1151 397 1177 non
419 1137 535 1176 nasci
556 1136 707 1176 melius
727 1136 825 1185 fuit,
848 1149 979 1187 quam
1001 1135 1215 1175 numerari
1237 1135 1348 1174 inter
1369 1133 1540 1185 publico

144 1204 257 1244 malo
280 1205 429 1244 natos!

201 1271 326 1310 XIX.
369 1270 626 1321 Excogitare
652 1283 777 1310 nemo
804 1270 1036 1321 quicquam
1063 1269 1236 1320 poterit,
1264 1268 1379 1319 quod
1406 1267 1542 1318 magis

144 1338 347 1379 decorum
381 1338 543 1388 regenti
577 1337 632 1377 sit
667 1350 798 1388 quam
833 1336 1073 1384 clementia,
1108 1347 1380 1386 quocumque
1414 1334 1542 1374 modo

144 1405 179 1445 is
201 1409 244 1445 et
267 1417 540 1456 quocumque
563 1404 652 1444 iure
675 1404 946 1454 praepositus
971 1402 1120 1442 ceteris
1142 1402 1236 1441 erit.
1297 1401 1361 1441 Eo
1384 1400 1543 1440 scilicet

144 1471 373 1512 formosius
411 1471 453 1510 id
492 1483 582 1510 esse
620 1470 1050 1520 magnificentiusque
1088 1468 1336 1516 fatebimur,
1376 1480 1461 1518 quo
1499 1466 1543 1505 in

146 1538 305 1577 maiore
330 1536 623 1588 praestabitur
646 1540 878 1588 potestate,
905 1549 1036 1587 quam
1059 1549 1146 1575 non
1171 1537 1342 1585 oportet
1367 1533 1543 1573 noxiam

146 1618 249 1653 esse,
291 1605 325 1644 si
365 1604 419 1644 ad
461 1608 642 1643 naturae
689 1603 822 1653 legem
871 1602 1156 1653 componitur.
1218 1601 1385 1640 Natura
1430 1599 1543 1639 enim

149 1675 393 1710 commenta
426 1674 491 1710 est
526 1683 680 1720 regem,
716 1670 831 1720 quod
866 1674 909 1709 et
943 1682 995 1708 ex
1029 1668 1122 1707 aliis
1156 1666 1412 1707 animalibus
1447 1665 1544 1705 licet

149 1750 399 1788 cognoscere
444 1741 488 1777 et
533 1750 587 1776 ex
633 1736 806 1787 apibus;
870 1748 1054 1787 quarum
1101 1734 1185 1785 regi
1232 1732 1544 1784 amplissimum

150 1804 286 1844 cubile
317 1808 382 1844 est
414 1804 641 1854 medioque
674 1816 723 1842 ac
755 1802 973 1842 tutissimo
1008 1801 1119 1850 loco;
1168 1804 1388 1851 praeterea
1420 1811 1545 1849 opere

149 1875 278 1911 vacat
309 1875 486 1911 exactor
517 1870 752 1910 alienorum
785 1883 977 1921 operum,
1011 1873 1054 1908 et
1087 1868 1243 1907 amisso
1275 1879 1370 1916 rege
1402 1869 1545 1905 totum

149 1937 368 1986 dilabitur,
403 1950 479 1977 nec
511 1950 720 1988 umquam
754 1937 849 1988 plus
882 1949 1015 1976 unum
1051 1935 1279 1986 patiuntur
1310 1932 1546 1972 meliorem-

150 2017 232 2055 que
266 2017 410 2055 pugna
444 2008 658 2055 quaerunt
670 2016 679 2051 ;
728 2007 949 2054 praeterea
982 2001 1158 2051 insignis
1193 2000 1277 2050 regi
1311 1999 1450 2038 forma
1482 2001 1547 2037 est

150 2070 451 2121 dissimilisque
482 2070 632 2110 ceteris
663 2082 758 2109 cum
789 2069 1086 2121 magnitudine
1118 2072 1211 2107 tum
1242 2065 1392 2105 nitore.
1454 2063 1548 2102 Hoc

152 2141 298 2177 tamen
329 2136 516 2176 maxime
545 2136 846 2186 distinguitur:
892 2134 1242 2174 iracundissimae
1274 2145 1322 2171 ac
1352 2144 1429 2182 pro
1461 2142 1549 2169 cor-

152 2203 266 2254 poris
289 2207 419 2253 captu
443 2203 784 2253 pugnacissimae
807 2206 907 2242 sunt
931 2215 1032 2252 apes
1054 2205 1096 2241 et
1120 2200 1289 2239 aculeos
1312 2198 1355 2237 in
1377 2196 1549 2236 volnere

152 2269 415 2320 relinquunt,
444 2282 517 2309 rex
544 2269 633 2319 ipse
660 2269 749 2308 sine
777 2268 924 2308 aculeo
951 2272 1036 2315 est,
1080 2267 1218 2306 noluit
1246 2265 1365 2304 illum
1393 2267 1550 2302 natura

153 2348 229 2375 nec
254 2348 430 2375 saevum
455 2349 544 2375 esse
568 2349 644 2376 nec
670 2335 877 2376 ultionem
902 2347 1058 2389 magno
1084 2336 1380 2374 constaturam
1406 2333 1550 2382 petere
