1667 2524
451 389 501 434 L.
550 389 799 435 ANNAEI
846 391 1133 438 SENECAE

607 496 676 528 AD
709 497 955 530 LUCILIUM

352 588 643 626 EPISTULAE
683 589 930 627 MORALEs
971 590 1237 629 SELECTAE

590 729 873 770 EPISTULA
916 731 999 770 VII

415 816 594 855 SENECA
626 816 817 856 LUCILIO
850 829 935 857 suo
968 830 1177 860 SALUTEM

151 915 262 964 Quid
312 915 389 955 tibi
439 916 667 956 vitandum
715 918 942 968 praecipue
989 918 1246 968 existimem,
1296 923 1497 973 quaeris?

95 982 298 1021 Turbam.
361 982 564 1022 Nondum
586 982 643 1021 illi
670 988 767 1023 tuto
792 985 1086 1025 committeris.
1148 986 1239 1037 Ego
1263 993 1375 1028 certe
1399 1002 1496 1028 con-

95 1048 249 1088 fitebor
276 1048 616 1088 imbecillitatem
645 1063 808 1089 meam:
848 1063 1086 1102 numquam
1115 1066 1267 1101 mores,
1291 1068 1396 1105 quos
1425 1069 1496 1094 ex-

95 1115 187 1163 tuli,
220 1116 367 1155 refero.
429 1115 601 1166 Aliquid
643 1128 695 1155 ex
735 1130 799 1165 eo,
836 1117 951 1167 quod
994 1120 1228 1169 composui,
1271 1120 1494 1170 turbatur;

94 1182 255 1233 aliquid
291 1195 344 1221 ex
378 1182 440 1229 iis,
477 1195 587 1233 quae
621 1183 783 1233 fugavi,
820 1184 942 1223 redit.
1005 1184 1128 1233 Quod
1165 1187 1300 1236 aegris
1335 1189 1491 1235 evenit,

95 1261 202 1299 quos
244 1248 369 1299 longa
411 1248 680 1288 imbecillitas
722 1262 857 1300 usque
898 1263 947 1289 eo
983 1250 1156 1299 adfecit,
1190 1257 1237 1291 ut
1280 1266 1494 1304 nusquam

93 1315 183 1354 sine
207 1315 369 1355 offensa
393 1316 680 1365 proferantur,
706 1315 785 1355 hoc
810 1316 966 1356 accidit
991 1317 1126 1366 nobis,
1154 1331 1337 1369 quorum
1363 1321 1494 1359 animi

93 1395 146 1421 ex
200 1381 324 1432 longo
377 1381 527 1420 morbo
582 1382 843 1422 reficiuntur.
906 1383 1085 1422 Inimica
1138 1390 1202 1424 est
1257 1386 1493 1426 multorum

95 1447 384 1488 conversatio:
434 1461 559 1487 nemo
594 1462 679 1487 non
713 1449 886 1500 aliquod
923 1449 1044 1489 nobis
1080 1451 1235 1490 vitium
1270 1457 1346 1492 aut
1382 1466 1494 1492 com-

94 1514 270 1554 mendat
310 1519 385 1554 aut
425 1514 632 1565 imprimit
668 1520 744 1555 aut
780 1516 1068 1555 nescientibus
1104 1517 1270 1558 adlinit.
1334 1519 1493 1570 Utique

94 1594 179 1632 quo
198 1581 333 1620 maior
351 1585 415 1620 est
434 1581 632 1631 populus,
654 1582 719 1620 cui
740 1582 980 1630 miscemur,
1002 1582 1081 1622 hoc
1101 1584 1277 1634 periculi
1298 1585 1393 1635 plus
1412 1590 1490 1625 est.

95 1647 208 1686 Nihil
234 1661 333 1687 vero
359 1652 449 1687 tam
474 1648 731 1687 damnosum
758 1648 880 1689 bonis
905 1649 1095 1689 moribus
1121 1664 1252 1701 quam
1278 1651 1321 1690 in
1347 1652 1491 1703 aliquo

93 1714 336 1764 spectaculo
365 1714 568 1754 desidere.
629 1715 748 1754 Tunc
777 1715 890 1755 enim
919 1703 995 1766 per
1022 1716 1294 1767 voluptatem
1324 1719 1492 1758 facilius

94 1780 200 1819 vitia
239 1780 490 1831 subrepunt.
552 1780 663 1829 Quid
709 1795 776 1835 me
820 1782 1274 1835 existimasvglvicerejq
1310 1783 1493 1825 Avarior

94 1847 231 1894 redeo,
270 1846 548 1895 ambitiosior,
568 1837 855 1897 *lTffi‘uriosion
894 1849 1025 1888 immo
1063 1863 1163 1889 vero
1203 1850 1412 1890 crudelior
1447 1855 1491 1891 et

93 1912 379 1961 inhumanior,
403 1914 503 1965 quia
525 1915 636 1954 inter
657 1914 850 1955 homines
871 1916 946 1954 fui.
1007 1915 1118 1955 Casu
1139 1917 1182 1955 in
1204 1917 1490 1957 meridianum

93 1979 385 2029 spectaculum
425 1981 553 2020 incidi
594 1981 709 2021 lusus
748 1986 981 2032 expectans
1019 1987 1061 2022 et
1101 1982 1208 2022 sales
1246 1987 1289 2022 et
1328 1983 1489 2034 aliquid

94 2045 342 2094 laxamenti,
381 2060 465 2097 quo
504 2047 726 2087 hominum
764 2048 873 2087 oculi
912 2048 966 2087 ab
1004 2048 1193 2088 humano
1234 2062 1379 2089 cruore
1417 2050 1490 2090 ad-

93 2112 335 2163 quiescant:
394 2118 542 2153 contra
583 2118 661 2153 est.
722 2114 934 2165 Quicquid
978 2119 1079 2154 ante
1121 2120 1364 2166 pugnatum
1408 2121 1487 2165 est,

92 2179 378 2219 misericordia
416 2180 511 2219 fuit.
573 2180 697 2220 Nunc
735 2181 900 2220 omissis
939 2182 1061 2231 nugis
1100 2195 1216 2221 mera
1255 2182 1488 2222 homicidia

92 2249 206 2284 sunt.
278 2245 391 2284 Nihil
428 2245 589 2286 habent
615 2259 699 2297 quo
726 2251 940 2297 tegantur,
967 2248 1021 2287 ad
1047 2249 1181 2287 ictum
1209 2249 1312 2288 totis
1340 2262 1487 2299 corpo-

92 2310 208 2350 ribus
238 2312 420 2361 expositi
452 2325 690 2363 numquam
727 2313 886 2352 frustra
924 2326 1102 2353 manum
1133 2314 1330 2354 mittunt.
1393 2316 1486 2355 Hoc

768 2377 809 2409 73

1524 936 1540 963 1

1521 1400 1539 1427 [Ο

1518 1796 1537 1824 3

1519 2323 1537 2350 4
